3050 4984
1093 437 1095 446 ¹
1160 446 1265 501 XXVII

128 606 319 701 particula
342 604 515 679 restituta
538 605 633 679 hanc
657 604 885 701 aptissimam
906 604 1005 676 nacti
1027 627 1158 675 sumus
1181 627 1265 676 sen·

127 726 309 798 tentiam:
337 728 368 798 si
390 723 451 798 uel
468 724 663 823 improbus
679 724 715 823 (i.
730 747 760 799 e.
779 721 988 822 impudens)
1007 722 1147 814 uidear,
1170 722 1264 796 mihi

128 870 287 943 quoque
309 846 505 919 uictoriam
528 844 707 920 adscribo,
735 866 795 916 res
818 852 943 916 autem
980 842 1175 915 notissima
1197 852 1263 933 est,

126 966 194 1037 uel
213 963 360 1039 duabus
382 964 511 1037 litteris
536 987 622 1036 cum
644 963 796 1061 uirgula
816 987 884 1062 per
907 963 920 1034 l
940 963 992 1035 ita
1012 963 1051 1034 in
1074 960 1266 1035 codicibus

128 1084 259 1157 scribi¹
273 1085 409 1174 solere,
438 1095 481 1157 ut
500 1108 607 1181 saepe
625 1085 692 1156 uix
710 1081 755 1155 ab
774 1095 813 1156 ut
830 1082 1010 1181 distingui
1030 1083 1157 1180 possit.
1179 1078 1265 1154 Non

126 1205 189 1277 ita
210 1204 318 1279 facile
340 1204 448 1277 nobis
470 1228 531 1277 res
555 1204 664 1277 cessit
698 1202 736 1275 in
770 1202 937 1276 eiusdem
973 1203 1100 1300 capitis
1137 1202 1155 1299 ξ
1180 1205 1201 1275 2
1225 1202 1265 1275 in

129 1325 196 1397 his
224 1324 368 1397 uerbis:
397 1320 586 1421 dequibus
613 1322 786 1413 crastiua,
813 1324 909 1420 ‘qaod
938 1322 1013 1396 ium
1046 1323 1099 1397 sol
1124 1321 1271 1395 occasui
1390 1325 1395 1337 '

130 1443 282 1517 decliuis
308 1456 372 1534 est,
412 1456 450 1516 at
477 1446 518 1517 de
546 1455 616 1517 toto
637 1441 903 1553 congruentius
922 1442 1125 1541 promptius
1150 1442 1264 1539 requi-

129 1589 274 1638 remus:
300 1564 340 1636 in
363 1564 499 1663 quibus
522 1562 617 1636 illud
641 1563 792 1660 quidem
813 1562 1119 1637 intellexeramus
1146 1561 1266 1634 uerba

114 1684 175 1757 ‘ut
204 1686 246 1757 de
273 1696 344 1758 toto
372 1683 620 1780 congruentias
654 1708 766 1755 sensu
794 1707 933 1774 carere,
974 1682 1039 1756 sed
1065 1682 1266 1780 probabilis

131 1802 343 1876 emendatio
366 1805 403 1876 in
427 1813 589 1876 mentem
611 1828 687 1876 non
712 1814 872 1876 uenerat
912 1823 993 1876 eam
1021 1802 1130 1875 nobis
1153 1800 1266 1873 Vah-

129 1924 287 1995 lenius
312 1923 514 2021 suggessit,
544 1922 608 2018 qui
630 1923 777 2021 egregie
800 1922 1027 2002 emendauit:
1061 1934 1100 1995 ut
1125 1923 1264 2005 deptoto

133 2053 437 2139 congruentes
452 2042 656 2140 promptius
677 2041 912 2139 requiremus,
935 2052 979 2114 ut
999 2043 1090 2115 haec
1113 2043 1163 2115 sit
1184 2066 1268 2114 sen-

132 2161 269 2234 tentia:
299 2160 344 2233 de
376 2162 448 2253 his,
492 2185 587 2260 quae
620 2161 667 2235 ad
693 2163 895 2260 perfectam
917 2163 1187 2235 institutionem
1203 2186 1265 2234 ne·

134 2282 297 2353 cessaria
319 2290 429 2369 sunt,
458 2282 620 2355 crastino
642 2282 791 2355 facilius
825 2292 860 2355 et
898 2280 1109 2380 expeditius
1142 2282 1267 2378 requi·

132 2425 287 2490 remus,
315 2411 358 2473 ut
395 2401 458 2497 qui
478 2400 536 2479 ¹de
558 2411 638 2474 toto
650 2458 660 2493 ,
687 2402 721 2474 h.
746 2426 775 2474 e.
799 2401 844 2473 de
881 2402 1039 2475 ueritate
1076 2401 1264 2499 religionis

134 2520 361 2594 christianae
387 2520 575 2593 internos
598 2522 882 2595 consentiamus.
910 2521 1018 2593 iuuat
1046 2521 1265 2610 adscribere,

134 2637 456 2738 quemadmodum
493 2641 716 2738 interpretes
752 2643 793 2714 in
826 2642 950 2715 uerbis
987 2642 1171 2739 corruptis
1206 2652 1264 2713 ut·

134 2783 301 2854 cumque
324 2757 577 2857 intellegendis
600 2785 639 2833 se
661 2762 857 2853 torserint;
883 2786 981 2833 unus
1014 2761 1113 2833 enim
1142 2785 1186 2831 ea
1212 2760 1266 2834 sic

134 2880 269 2951 uertit:
310 2877 401 2951 diere
438 2880 564 2971 sotlec,
608 2906 646 2955 so
672 2880 737 2955 wie
764 2884 831 2955 dus
861 2879 981 2956 Ganze
1008 2885 1071 2978 (l),
1101 2883 1172 2977 fair
1198 2884 1267 2955 deu

136 3000 354 3096 morpeadeu
377 2998 453 3097 Tap
467 3002 529 3073 der
546 2997 770 3097 Gepeostaud
785 3002 881 3076 etber
894 3027 1200 3101 aupemesscuerea
1218 3005 1265 3097 (l)

134 3120 215 3192 aad
237 3117 493 3214 pesclu'clcteren
516 3123 562 3216 (l)
597 3118 862 3220 Uetersucbunp
888 3124 982 3212 seim·
1009 3124 1104 3196 alter
1127 3133 1265 3195 autem:
1376 3165 1379 3171 ‚

136 3236 293 3311 durtiber
314 3239 436 3312 wolleu
457 3239 525 3312 wer
546 3265 703 3338 morgen,
725 3266 764 3314 so
786 3242 851 3315 wie
872 3239 958 3315 tiber
979 3244 1044 3316 das
1069 3240 1188 3315 Guaze
1207 3244 1267 3336 (l),

135 3354 522 3432 a'beretbrttbtmendere
547 3361 624 3433 aad
644 3384 820 3456 penaucre
835 3364 881 3456 (D
915 3358 1179 3458 Uutersucbaay
1204 3386 1266 3434 aa·

136 3478 277 3566 stellam
315 3478 541 3551 nouissimus
573 3478 730 3576 denique
759 3482 957 3579 interpres:
986 3481 1059 3556 dies
1083 3483 1183 3578 md'pe
1210 3480 1266 3553 ia-

137 3598 216 3669 dcss
233 3598 304 3693 scir
329 3622 475 3695 morpea
502 3599 705 3697 uufpcspurt
732 3597 883 3693 blaten,
910 3602 1021 3676 demit
1046 3601 1113 3674 war
1138 3625 1173 3674 es
1199 3600 1265 3674 sei-

136 3742 219 3790 aem
243 3742 382 3815 quaten
419 3716 539 3792 Iabalt
576 3718 670 3793 uach
697 3723 744 3815 (l)
771 3723 847 3795 aad
871 3721 936 3796 mit
957 3719 1121 3818 friscben
1154 3718 1265 3816 Ketis·

136 3848 196 3909 tea
220 3840 266 3932 (l)
299 3836 528 3912 antorsucbeu
553 3838 702 3913 bubuco.
742 3842 897 3915 miratus
920 3851 1017 3915 esset
1043 3842 1174 3938 utique
1201 3839 1265 3912 Mi·

135 3955 289 4049 nucius,
310 3957 411 4030 sisic
429 3982 469 4031 se
486 3959 771 4057 interpretantes
790 3959 964 4034 audisset.
992 3958 1160 4057 Denique
1183 3960 1266 4032 bre·

137 4076 238 4149 uiter
264 4101 477 4169 monemus,
504 4102 573 4150 nos
595 4078 632 4151 in
664 4080 922 4178 compluribus
950 4079 1040 4153 loeis
1068 4080 1266 4179 uulgarem

135 4196 430 4295 interpungendi
453 4198 635 4270 rationem
658 4210 836 4291 mutasse,
860 4224 995 4299 quare
1017 4206 1118 4272 recto
1142 4200 1266 4273 cuius-

139 4339 213 4412 que
234 4315 308 4389 loci
330 4316 537 4390 intellectui
559 4317 659 4393 haud
690 4317 786 4393 male
808 4319 915 4393 nobis
938 4318 1110 4392 uidemur
1132 4343 1265 4393 consu·
