3050 4984
14 279 19 282 ,

558 374 629 444 Cep.
650 374 771 432 22-24.
1065 419 1067 424 .
1165 375 1225 439 113

102 528 232 612 gratie
254 529 292 595 in
314 530 434 595 labiis
455 530 551 595 tuis:
586 532 793 614 propterea
813 530 1016 595 benedixit
1038 528 1115 594 tibi
1136 528 1230 593 deos

100 632 138 695 in
160 634 372 699 aeternum.
406 634 610 719 accingere
632 634 810 719 gladium
832 635 940 697 tuum
962 633 1064 697 circa
1086 632 1229 711 femur,

99 735 380 816 potentissime
409 738 537 819 specie
560 738 597 802 et
618 735 920 819 pulchritudine
941 736 1026 799 tua:
1049 735 1228 814 intende,

98 856 281 920 prospere
302 840 462 921 procede
484 841 521 904 et
541 859 658 925 regne
677 840 835 923 propter
857 839 1051 903 uirtutem
1073 838 1110 904 et
1131 856 1230 902 man·

79 941 358 1007 csuetudinem
380 944 417 1007 et
437 942 657 1022 iustitiam,
680 944 717 1008 et
739 942 903 1007 deducet
924 942 963 1007 te
983 940 1230 1006 mirabiliter

98 1042 258 1109 dextere
289 1045 363 1110 tua.
399 1046 573 1130 sagittae
606 1046 890 1135 terdecentes,
929 1043 1228 1129 potentissime:

3 1232 5 1235 Ι
97 1147 234 1228 populi
256 1147 365 1212 infra
385 1150 424 1214 te
446 1148 634 1213 decident
655 1149 693 1215 in
716 1145 826 1213 corde
848 1148 1098 1213 inimicorum
1113 1146 1227 1229 regis.

3 1238 6 1283 ss
98 1248 210 1313 sedes
231 1251 318 1329 tua,
341 1252 461 1331 Deus,
483 1253 522 1317 in
544 1253 743 1318 saeculum
765 1251 937 1317 saeculi:
976 1251 1092 1334 uirga
1119 1251 1230 1315 recte

97 1354 155 1416 eet
177 1353 288 1439 uirga
310 1356 418 1439 regni
439 1356 508 1421 tui.
545 1354 729 1421 dilexisti
758 1354 973 1432 iustitiam,
1006 1353 1128 1420 odisti
1155 1353 1229 1418 ini-

67 1454 306 1536 1⁰quitatemt
329 1459 535 1541 propterea
557 1457 691 1522 uncxit
712 1459 749 1522 te
771 1462 873 1521 Deus
895 1442 988 1521 tuus'
1007 1457 1131 1522 oleum
1153 1456 1228 1522 lee-

96 1556 217 1622 titiee
232 1577 250 1622 a
265 1560 517 1625 consortibus
533 1560 629 1624 tuis:
653 1578 785 1642 myrra
806 1559 845 1623 et
867 1560 981 1643 gutta
1002 1561 1040 1624 et
1062 1558 1230 1624 cassiae

96 1661 357 1727 uestimentis
379 1664 462 1728 tuis
490 1663 534 1727 de
561 1661 765 1727 aedificiis
797 1662 984 1727 eburneis
1016 1682 1058 1727 ex
1085 1662 1229 1743 quibus

95 1764 132 1829 te
155 1764 412 1831 iucunditate
435 1753 684 1831 adfecerunt?

139 1868 322 1933 Inmortelis
342 1868 493 1952 unguenti
515 1871 632 1933 secreta
652 1868 845 1951 peruidimus
868 1868 899 1932 et
922 1868 1045 1933 diuinae
1060 1869 1149 1935 nobis
1164 1870 1258 1933 dis-3

67 1971 259 2053 repositionis
274 1972 347 2037 ordo
362 1973 553 2038 monstratus
569 1974 630 2037 est:
652 1992 781 2057 regnum
806 1974 989 2055 perpetuum
1011 1973 1043 2036 et
1064 1973 1140 2039 caeli
1161 1972 1228 2037 die-

1 2152 2 2155 *
96 2074 188 2138 deme
211 2074 334 2139 domino
354 2076 458 2139 nostro
479 2094 551 2140 cum
565 2074 715 2159 unguenti
729 2074 894 2141 maiestate
908 2075 1064 2140 conlatum
1079 2078 1135 2140 est.
1160 2076 1228 2158 quis
1237 2106 1283 2150 re.
1291 2105 1338 2148 rs.

96 2179 205 2242 autem
233 2178 284 2241 hic
309 2178 363 2260 qui
387 2179 512 2264 regendi
531 2179 614 2243 orbis
634 2178 753 2261 occepit
767 2179 967 2262 potestatem,
996 2178 1049 2261 qui
1063 2178 1228 2243 uenerandi

96 2280 233 2344 nominis
249 2281 412 2346 maiestate
426 2281 601 2360 decoratur,
617 2281 703 2346 aliud
717 2280 806 2345 nobis
820 2281 972 2345 monstrat
986 2282 1160 2346 oraculum:
1184 2280 1229 2345 ait

97 2384 180 2449 enim
195 2383 321 2447 isidem
337 2385 456 2450 Deuid:
484 2377 537 2450 ‘ut
560 2384 652 2467 quid
682 2384 929 2450 fremuerunt
951 2386 1086 2468 gentes
1108 2384 1145 2448 et
1166 2401 1227 2467 po·

66 2487 181 2569 repuli
203 2488 388 2553 meditati
411 2490 501 2553 sunt
521 2489 678 2554 inania?
700 2487 948 2553 adstiterunt
970 2506 1080 2571 reges
1101 2488 1228 2552 terrae

97 2590 136 2654 et
171 2590 378 2674 principes
406 2593 679 2658 conuenerunt
701 2591 739 2655 in
760 2610 875 2655 unum
897 2589 1086 2655 aduersus
1110 2590 1225 2655 domi-

96 2712 187 2758 num
203 2695 241 2758 et
255 2694 442 2760 aduersus
458 2694 661 2760 Christum
676 2682 781 2760 eius'
803 2694 978 2776 quidtesic
992 2693 1116 2759 extollis
1131 2693 1225 2758 sacri-

96 2795 167 2879 lege
181 2798 360 2879 persuasio?
382 2800 456 2881 quid
482 2798 609 2864 miseros
629 2799 769 2863 hominos
795 2798 940 2863 effrenate
965 2797 1140 2863 temeritate
1165 2799 1226 2863 cir·

96 2900 280 2964 oumuenis?
295 2903 486 2986 unguentum
503 2901 619 2967 Christi
634 2901 710 2967 oceli
726 2886 821 2967 donet
835 2901 1017 2984 imperium,
1033 2902 1227 2985 rmguentum

65 3018 86 3059 e
95 3005 188 3065 ccum
204 3002 358 3087 gehennae
373 3004 503 3069 suscitat
516 3004 666 3069 flammas.

138 3104 200 3171 Sed
216 3106 296 3187 quod
310 3107 418 3188 inpuro
434 3126 484 3173 ore
499 3108 638 3173 sacerdos
653 3108 712 3172 iste
727 3109 759 3172 et
771 3107 892 3190 pollute
901 3105 1065 3171 uerborum
1077 3107 1226 3172 contami-
1237 3117 1277 3179 24

94 3207 222 3273 natione
237 3208 407 3290 componit,
429 3209 508 3274 libet
529 3209 673 3293 diligenti
694 3208 891 3291 inquisitione
914 3208 1074 3272 discutere.
1097 3208 1226 3273 liberato

95 3310 154 3376 deo
170 3327 225 3375 suo
240 3310 356 3376 bonum
371 3311 511 3376 animum
525 3330 630 3396 gerere
650 3311 763 3391 socios,
787 3310 932 3375 fiduciam
958 3310 1054 3376 bonae
1079 3311 1145 3393 spei
1170 3311 1226 3374 ha·

204 3499 241 3557 19
260 3500 304 3554 Pe.
317 3498 344 3564 2,
360 3500 376 3555 1
390 3514 429 3568 sq.

150 3653 377 3711 ltibideuscm.
391 3653 641 3717 P;tibiodd.iom
662 3670 692 3718 c,
720 3652 938 3720 deusBureiou,⁸
968 3652 1003 3719 cf.
1025 3651 1127 3706 LXX:
1152 3649 1227 3706 εὐλό-

93 3744 184 3811 γησέν
199 3756 229 3795 σε
248 3737 344 3800 dordr
406 3740 423 3794 2
440 3739 526 3793 femur
537 3742 615 3793 tuum
627 3756 645 3793 o
667 3741 679 3807 ΙΙ
701 3738 901 3808 potentissime:
921 3737 1009 3807 specie
1024 3740 1053 3791 et
1071 3754 1097 3807 p.
1119 3739 1167 3791 tue
1185 3737 1227 3791 in·

93 3826 176 3881 tende
189 3826 248 3881 cdd.
263 3832 294 3881 ct
305 3832 345 3881 est
355 3826 388 3881 ic
399 3826 502 3881 LXX:
521 3827 620 3880 ὃυνατὲ
630 3828 663 3899 τῇ
672 3822 823 3897 ὠραιότητί
830 3841 881 3878 σου
891 3831 939 3880 cte.
1000 3825 1019 3879 4
1034 3827 1143 3894 propter
1155 3824 1226 3878 ueri·

92 3916 183 3967 tatem
192 3914 344 3981 Wowerce,
363 3918 395 3967 ut
407 3913 508 3967 hebent
518 3912 608 3967 LXX
624 3918 650 3966 et
672 3912 753 3981 Oppr.
767 3912 862 3966 testim,
877 3911 919 3980 H,
931 3913 970 3965 29
1040 3910 1058 3967 6
1075 3913 1139 3965 tuae
1159 3912 1224 3965 add.

93 3999 225 4053 Boreion
241 3999 253 4066 ΙΙ
270 3998 502 4066 potentissimeP:
514 3997 718 4067 potentissimae
730 4013 748 4051 a
801 3997 819 4052 7
832 3996 964 4062 intrePa,
978 3996 1174 4065 moeream
1188 3998 1225 4063 cf,

92 4085 196 4139 LXX:
215 4082 249 4137 roi
269 4087 332 4153 βέλη
353 4099 405 4137 σου
426 4083 597 4155 ἠκονημένα,
622 4084 730 4138 occare
742 4086 805 4136 λαοὶ
818 4079 949 4137 ὑποκάτω
965 4098 1018 4136 σου
1031 4085 1189 4137 πεσοῦνται.

91 4169 243 4226 8sedisP
306 4168 344 4227 10
361 4170 448 4224 oleoo
520 4169 556 4227 11
577 4169 751 4238 eP2preeo
774 4170 787 4237 ΙΙ
809 4168 919 4239 myrrho
930 4168 990 4223 edd,
1058 4167 1095 4224 13
1106 4163 1225 4222 iocundi·

91 4258 154 4310 tete
166 4256 195 4310 P
249 4254 286 4311 17
304 4255 433 4325 regendae
446 4255 473 4309 P
524 4254 564 4311 24
582 4257 747 4325 unguentum
768 4257 846 4309 tuum
867 4254 1008 4309 Boreion.-
1026 4255 1104 4308 tuum
1125 4270 1174 4309 om.
1188 4255 1226 4323 P,

91 4344 264 4412 unguentum
276 4344 395 4396 uestrum
407 4358 425 4396 a

147 4443 179 4483 11.
999 4410 1018 4476 8
