3050 4984
408 378 488 432 Vita
504 378 531 432 S.
547 378 690 433 Martini
707 393 729 431 c.
750 378 869 435 14-16.
1134 380 1194 445 125

116 531 195 610 Quid
209 533 305 599 etiam
324 533 358 598 in
377 552 456 617 pago
469 532 648 599 Aeduorum
661 534 785 617 gestum
806 535 862 612 sit,
885 534 1026 601 referam.
1050 533 1104 601 ubi
1119 534 1194 598 dum
1207 540 1244 603 1⁵

81 636 224 717 templum
238 637 346 701 itidem
358 637 524 717 auerteret,
551 636 655 701 furens
674 637 838 721 gentilium
858 638 1044 703 rusticorum
1069 637 1103 702 in
1122 656 1194 701 enm

81 738 167 803 inruit
179 740 360 805 multitudo.
374 757 506 823 cumque
519 758 599 805 unus
612 740 755 805 audacior
765 741 872 805 ceteris
887 742 994 805 stricto
1007 759 1079 805 eum
1090 740 1193 824 gladio

81 844 199 923 peteret,
221 844 332 907 reiecto
350 843 446 926 pallio
463 843 579 909 nudam
598 843 747 909 ceruicem
767 862 944 926 percussuro
967 843 1116 926 praebuit.
1140 846 1223 907 neca

66 946 231 1010 sanciatus
244 945 335 1011 ferire
345 946 486 1030 gentilis,
501 946 554 1011 sed
565 966 638 1013 cum
647 947 803 1012 dexteram
814 947 908 1012 altius
921 946 1094 1024 extulisset,
1110 964 1195 1010 resu-

80 1048 159 1129 pinus
178 1050 260 1126 mit,
283 1051 552 1131 consternatusque
571 1050 676 1115 diuino
690 1051 776 1114 metu
791 1050 912 1115 ueniam
926 1050 1114 1132 precabatur.
1142 1059 1226 1114 nec3

81 1151 220 1216 dissimile
235 1152 308 1217 huic
321 1152 384 1217 fuit
397 1152 485 1217 illud.
514 1171 585 1219 cum
605 1170 676 1218 eum
690 1153 773 1217 idola
786 1153 992 1218 destruentem
1014 1153 1112 1217 cultro
1128 1152 1197 1234 qui·

81 1254 143 1319 darn
160 1254 253 1320 ferire
267 1255 429 1334 uoluisset,
444 1256 477 1321 in
491 1256 558 1338 ipso
571 1256 637 1321 ietu
651 1255 767 1321 semum
782 1256 810 1321 ei
825 1256 862 1320 de
876 1256 1020 1321 manibus
1035 1274 1195 1320 excussum

81 1374 132 1421 non
143 1359 312 1440 conparuit.
335 1358 515 1441 plerumque
534 1360 638 1423 autem
660 1358 954 1424 contradicentibus
977 1360 1038 1424 sibi
1063 1359 1228 1434 rusticis,4

59 1478 112 1524 uuo
123 1479 227 1525 eorum
241 1460 314 1526 fana
326 1461 510 1539 destrueret,
525 1462 571 1527 ita
580 1462 803 1543 praedicatione
815 1464 921 1529 saneta
935 1463 1064 1546 gentiles
1079 1462 1197 1527 animos

82 1563 250 1647 mitigabat,
273 1564 310 1628 ut
327 1564 395 1629 luce
414 1564 458 1629 eis
481 1564 622 1629 ueritatis
641 1566 762 1629 ostensa
781 1564 841 1647 ipsi
863 1583 917 1629 sua
931 1565 1051 1645 temple
1067 1564 1196 1628 subuer-

83 1667 177 1732 brent.

117 1767 315 1835 (tumtionum
326 1788 397 1835 uero
409 1772 475 1837 tam
485 1772 591 1853 potens
605 1771 638 1836 in
651 1789 686 1834 eo
701 1771 802 1855 gratia
815 1772 895 1849 erat,
911 1774 947 1835 ut
960 1771 1064 1835 nullus
1079 1769 1142 1833 fere
1157 1769 1196 1833 ad
1213 1770 1251 1834 le

83 1889 142 1936 eum
162 1876 309 1957 aegrotus
329 1874 502 1952 accesserit,
533 1874 586 1957 qui
605 1892 666 1939 non
686 1874 828 1939 continuo
848 1875 996 1957 receperit
1016 1874 1196 1938 sanitatem:

64 1977 151 2056 equod
163 1977 215 2041 uel
234 1996 273 2041 ex
292 1978 486 2059 consequenti
505 1977 637 2059 liquebit
656 1978 802 2058 exemplo.
826 1977 966 2042 Treueris
982 1978 1085 2059 puella
1102 1979 1227 2058 quae-2

85 2078 143 2143 lam
156 2080 224 2145 dira
237 2080 388 2164 paralysis
406 2080 597 2163 aegritudine
615 2080 791 2158 tenebatur,
823 2081 896 2163 [ita]
912 2081 1026 2145 utiam
1046 2099 1100 2161 per
1114 2079 1198 2143 mul-

56 2229 58 2234 ·
87 2182 141 2246 tum
157 2184 282 2266 tempus
301 2184 387 2249 nullo
406 2184 446 2248 ad
464 2184 614 2249 humanos
633 2202 708 2247 usus
727 2184 859 2264 eorporis
880 2183 981 2247 officio
996 2183 1189 2267 iungeretur:

87 2286 154 2350 omni
166 2306 202 2351 ex
216 2289 305 2370 parte
319 2288 513 2369 praemortua
526 2286 580 2351 uix
592 2287 678 2351 tenui
693 2286 806 2367 spiritu
819 2286 1004 2367 palpitabat.
1034 2286 1139 2350 tristes
1154 2285 1192 2348 ad
1205 2290 1222 2343 3

89 2388 167 2453 solam
191 2390 310 2455 funeris
330 2390 569 2472 expectationem
594 2389 756 2453 adstabant
781 2389 958 2471 propinqui,
995 2407 1065 2453 cum
1092 2387 1193 2452 subito

69 2492 117 2555 aad
127 2493 285 2560 ciuitatem
304 2495 392 2558 illam
406 2494 576 2559 Martinum
590 2493 710 2557 uenisse
722 2492 891 2557 nuntiatur.
914 2491 995 2574 quod
1008 2491 1063 2555 ubi
1077 2490 1195 2573 puellae

36 2561 38 2678 l
90 2597 158 2673 peter
174 2597 328 2680 conperit,
358 2597 493 2661 cucurrit
513 2595 659 2661 exanimis
684 2613 739 2677 pro
764 2595 829 2659 filia
854 2598 1027 2678 rogaturus.
1059 2596 1091 2659 et
1117 2593 1227 2658 fortes

37 2739 38 2812 p
90 2696 221 2765 Marbnus
235 2702 303 2765 iam
316 2699 475 2765 ecelesiam
494 2699 595 2763 inerat
613 2698 777 2782 ingressus.
808 2698 853 2763 ibi
874 2698 1063 2779 inspectante
1084 2696 1195 2778 populo

37 2817 38 2828 ²
92 2803 238 2886 ndtisqbe
265 2805 335 2868 aliis
359 2802 567 2885 praesentibus
592 2801 755 2882 episeopis,
779 2801 895 2865 eiulans
916 2818 1004 2864 senex
1019 2818 1118 2883 genua
1132 2799 1197 2863 eius

38 2951 39 2956 η
92 2906 269 2986 amplectitur
281 2907 400 2972 dicens:
422 2906 488 2970 iilia
500 2924 570 2969 mea
583 2906 716 2969 moritur
729 2905 840 2969 misero
855 2921 963 2988 genere
977 2903 1149 2986 languoris,
1166 2903 1196 2966 et

71 3010 155 3087 equod
178 3011 247 3092 ipsa
273 3011 320 3075 est
346 3010 444 3074 morte
465 3009 633 3086 crudelius,
667 3009 730 3072 solo
752 3007 864 3089 spiritu
888 3006 986 3083 uiuit,
1020 3006 1083 3071 iam
1106 3024 1193 3070 carne

93 3115 274 3189 praemortua.
301 3131 376 3197 rogo
395 3113 432 3177 ut
451 3131 519 3177 eam
539 3112 629 3176 adeas
655 3112 752 3193 adque
772 3109 949 3175 benedicas:
978 3108 1093 3173 confido
1115 3109 1197 3173 enim

95 3216 156 3293 quod
168 3236 220 3297 per
233 3219 267 3281 te
280 3215 432 3280 reddenda
445 3215 487 3280 sit
501 3214 635 3279 sanitati.
658 3232 718 3296 qua
732 3213 786 3277 ille
801 3230 874 3277 uoce
888 3211 1032 3276 confusus
1046 3212 1196 3293 obstipuit
1207 3219 1225 3273 5

40 3329 41 3336 ¹
96 3316 118 3377 el
128 3318 234 3403 ningit
249 3320 365 3397 dicens,
381 3320 438 3383 boe
452 3336 524 3382 suae
536 3335 597 3382 non
610 3335 675 3381 esse
686 3316 829 3381 uirtutis:
846 3333 948 3378 senem
962 3333 1059 3378 errare
1072 3315 1195 3393 iudicio,
1217 3304 1224 3311 ⁵

97 3435 142 3483 uon
158 3440 218 3487 esse
237 3442 271 3487 se
290 3423 435 3507 dignum,
458 3440 511 3503 per
530 3438 621 3503 quem
641 3420 792 3484 Dominus
813 3403 938 3501 signum
952 3417 1079 3481 uirtutis
1094 3419 1196 3483 osten-

137 3661 152 3717 2
167 3662 260 3719 itidem
278 3678 327 3718 ora.
353 3662 377 3716 V
398 3663 411 3729 ΙΙ
433 3662 536 3715 enodet
553 3659 581 3713 A
653 3658 673 3713 4
688 3656 805 3725 proiecto
822 3656 856 3709 Μ
877 3657 889 3723 ΙΙ
911 3670 1064 3724 percussuro
1075 3652 1197 3706 ABFV:

101 3750 251 3809 bresone
310 3749 328 3805 7
345 3746 400 3802 init
410 3747 474 3801 illut
489 3746 526 3814 V,
544 3743 679 3798 illudiuit
690 3741 717 3796 A
781 3740 819 3798 10
835 3741 898 3795 fana
910 3756 1026 3795 eorumc
1048 3742 1060 3807 ΙΙ
1081 3738 1196 3809 gentiles

104 3827 271 3900 Vtgentilium
281 3834 354 3888 AFo
400 3833 437 3891 15
448 3831 607 3900 liquebatV
625 3831 638 3897 ΙΙ
657 3826 817 3883 TuiberisV
866 3826 902 3883 16
915 3826 955 3879 ita
966 3842 1014 3880 oon.
1033 3825 1059 3879 V
1103 3824 1138 3880 19
1152 3823 1197 3877 ad·

43 3909 44 3912 '
104 3916 190 3974 mont
201 3922 299 3976 BMV:
317 3919 483 3975 adsistebant
492 3917 565 3971 aaa
635 3912 917 3971 acerentinum
937 3910 1082 3965 martinum
1093 3909 1197 3963 uenisse

103 4006 218 4061 emtum
244 4008 279 4062 V:
305 4005 445 4060 nuntiatur
468 4002 502 4057 ad
530 4002 580 4056 eiu.
609 4001 686 4055 illam
713 3999 817 4053 uenisse
840 4000 919 4051 mart.
940 3996 1012 4051 AFc
1064 3996 1101 4052 21
1120 3997 1197 4063 pater

44 4095 45 4110 ³
105 4091 211 4155 wellaec
225 4095 237 4161 ll
252 4090 425 4162 curritAFQ
440 4091 453 4158 ΙΙ
468 4087 595 4143 exanimis
606 4084 832 4140 creberrimis
883 4083 920 4140 22
934 4080 1196 4152 spectanteBM,ex·

45 4167 46 4216 *
106 4177 204 4239 remae
218 4180 254 4249 V,
265 4180 300 4247 cf.
311 4195 399 4247 capra
410 4194 431 4232 c.
443 4178 517 4244 14,6
567 4172 606 4230 23
618 4171 746 4242 episeopis
764 4169 946 4240 praesentibus
957 4168 1030 4221 AFo
1046 4168 1058 4234 ΙΙ
1074 4166 1197 4221 heiulans

108 4259 166 4330 dep
174 4264 273 4319 illiusA
315 4264 353 4320 26
365 4280 424 4317 eam
432 4260 589 4316 adeasBM:
599 4274 642 4312 eas
654 4257 746 4313 adeam
762 4257 780 4312 ἃ
793 4257 825 4322 V,
837 4255 884 4309 aad
892 4256 931 4308 sio
939 4270 972 4307 m.
983 4253 1042 4307 Μ
1052 4252 1147 4320 litora,
1161 4252 1195 4306 nd

109 4349 369 4419 anuenndepec
378 4348 555 4404 iaFroaora
563 4361 632 4399 corr.
644 4345 700 4411 eas)
742 4342 780 4399 27
793 4340 923 4409 obstipuit
932 4340 968 4394 V:
978 4338 1116 4407 obstupuit
1122 4338 1196 4393 AFe
