3050 4984
586 369 692 439 Epist.
711 369 760 422 111.

207 628 272 711 lll.
304 628 487 731 Epistula
514 627 652 713 Seueri
682 626 732 709 ad
760 625 946 711 Sanamm
968 625 1132 709 Paulum

527 766 811 869 episeopum'b.

140 1134 312 1248 Postquam
332 1189 428 1234 omnes
454 1190 557 1247 aeques
573 1176 638 1232 tues
656 1173 793 1247 coquinae
815 1176 882 1231 tuae
905 1170 1083 1231 renuntiasse
1098 1171 1227 1246 eegneui,

95 1278 183 1335 erede
195 1277 265 1351 quia
279 1276 501 1351 dedignarentur
516 1276 641 1335 efficium
656 1276 764 1335 uilibus
780 1276 913 1349 praebere
929 1275 1137 1349 pulmentariis,
1160 1291 1229 1349 pue·

57 1404 70 1440 s
95 1380 197 1438 rulum
211 1379 267 1437 tibi
281 1396 315 1438 ex
330 1382 428 1438 nestra
443 1378 573 1437 misimus
587 1378 715 1451 officina,
732 1380 845 1438 deatum
860 1378 932 1437 satis
946 1378 1101 1451 pallentem
1116 1393 1236 1451 aequare

95 1484 198 1541 fabam
214 1485 244 1539 et
257 1482 399 1555 ignobiles
413 1483 494 1540 betas
509 1484 589 1540 aeete
612 1484 641 1540 et
660 1481 722 1539 iure
743 1481 856 1540 condire
876 1481 1020 1555 bilemque
1044 1481 1153 1554 pultem
1168 1496 1236 1538 esu-

95 1586 239 1645 rientium
253 1584 384 1643 faucibus
399 1584 503 1643 inferre
518 1585 733 1657 manachorum,
756 1584 863 1657 piperis
877 1583 1018 1656 nescium,
1034 1582 1136 1641 laseris
1150 1582 1235 1657 igna-

95 1706 179 1759 rum,
203 1686 376 1746 familiarem
402 1687 506 1761 cymini
530 1689 560 1745 et
585 1687 712 1760 adprime
733 1687 868 1746 callidum
890 1686 986 1745 herbis
1001 1701 1088 1744 suane
1104 1686 1234 1744 redelen-

3 1813 4 1856 ἢ
94 1792 179 1849 tibus
195 1790 352 1849 clamosum
367 1805 467 1864 urgere
482 1789 658 1848 mortarium.
682 1807 771 1848 unum
792 1790 879 1848 habet
899 1788 1018 1861 uitium,
1041 1788 1115 1862 qued
1136 1788 1234 1846 berte·

60 1913 163 1957 rerum
186 1894 313 1953 emnium
329 1910 386 1951 nen
411 1895 455 1952 est
477 1892 573 1952 ciuilis
588 1892 734 1952 inimicus:
758 1893 815 1964 ita,
843 1892 868 1951 si
883 1891 1025 1950 admissus
1040 1890 1143 1963 fuerit,
1168 1890 1237 1964 pre·''

94 1998 177 2056 xima
194 2013 325 2071 quaeque
348 1998 435 2055 metet
455 1996 551 2069 gladie
571 2012 623 2054 nee
643 1996 857 2054 exsaturabitur
872 2012 1007 2069 umquam
1023 1994 1106 2053 eaede
1122 1994 1233 2051 malua·

95 2120 172 2159 rum.
197 2100 229 2158 in
244 2099 412 2173 praebendis
427 2100 524 2157 autem
539 2098 594 2157 sibi
609 2098 697 2172 lignis
712 2098 905 2157 calumniosus
920 2096 975 2156 tibi
989 2114 1045 2155 nen
1061 2095 1131 2154 erit:
1150 2094 1234 2154 obuia

96 2220 232 2278 quaeque
252 2203 403 2273 comburet,
426 2204 515 2260 metet
535 2218 586 2259 nee
606 2200 750 2259 dubitabit
771 2200 876 2259 inferre
896 2199 981 2259 tectis
996 2216 1097 2257 manus
1113 2201 1141 2257 et
1157 2197 1236 2256 anti-

96 2325 171 2380 ques
187 2321 298 2364 asseres
313 2304 423 2363 laribus
438 2320 577 2363 amouere.
600 2304 676 2362 hune
691 2304 781 2377 igitur
796 2320 859 2362 eum
874 2303 920 2361 his
931 2302 1057 2360 muribus
1070 2302 1161 2375 adque
1172 2300 1235 2359 uir·

62 2431 88 2468 ns
96 2409 215 2467 tutibus
230 2409 366 2467 denatum
381 2407 436 2465 tibi
451 2424 507 2465 nen
522 2423 647 2478 seruum,
670 2408 719 2465 sed
735 2422 785 2478 pro
801 2422 883 2463 serua
899 2404 991 2463 filium
1007 2403 1145 2477 cupimus,
1163 2402 1232 2476 quia

97 2530 157 2569 nen
172 2511 317 2569 erubeseis
331 2509 513 2568 minimorum
528 2525 589 2568 esse
604 2511 695 2582 pater.
719 2524 771 2583 ege
786 2508 841 2566 tibi
861 2524 911 2581 pre
933 2507 985 2566 hee
1001 2506 1107 2565 seruire
1122 2504 1234 2565 uoluis-

97 2631 176 2686 sem,
200 2614 251 2672 sed
266 2614 292 2672 si
307 2612 442 2672 uoluntas
457 2611 528 2670 faeti
543 2611 635 2685 pertin
651 2613 711 2684 est,
727 2613 760 2669 tu
776 2612 857 2669 mede
872 2609 959 2669 facite
974 2612 1007 2667 ut
1022 2608 1097 2666 inter
1112 2607 1232 2681 prandia

96 2732 243 2790 uenasque
259 2715 357 2774 felices
370 2715 425 2773 mei
441 2713 617 2787 memineris,
641 2713 710 2787 quia
724 2713 831 2773 rectius
846 2715 890 2772 est
905 2715 1032 2771 uestrum
1048 2727 1108 2770 esse
1124 2710 1233 2769 manai-

97 2820 181 2893 pium
198 2835 285 2892 quam
300 2818 444 2876 deminum
460 2820 625 2876 ceterarum.
649 2834 698 2875 era
713 2833 764 2890 pre
780 2833 833 2876 me.

152 3018 179 3087 *)
197 3017 275 3071 Hane
296 3019 325 3070 et
346 3019 486 3086 sequentes
507 3016 635 3085 epistolas
649 3016 765 3085 primum
786 3016 872 3069 edidit
891 3014 1029 3084 D'Aahery
1048 3014 1075 3067 in
1089 3012 1235 3083 Spicilegio

100 3105 134 3168 V,
152 3102 549 3257 {3131asgblerelberePa'aree
564 3187 646 3255 (P=
656 3187 748 3241 Pelet.
767 3188 852 3243 Verte.
866 3189 924 3242 829
935 3203 1003 3241 aeee.
1013 3187 1071 3255 IX)
1125 3187 1142 3242 6
1161 3188 1236 3240 aeete

96 3291 131 3328 ex
143 3273 206 3328 iure
218 3275 245 3328 P
268 3275 280 3341 ΙΙ
303 3273 479 3327 esuriensium
493 3274 521 3328 P
574 3273 611 3329 13
629 3272 767 3327 dubitauit
785 3274 811 3327 P
