3050 4984
305 395 371 461 230
778 393 957 463 Appendix.

302 556 348 613 ter'
361 569 392 612 se
405 555 534 624 tautum,
557 554 607 613 sed
621 556 736 628 propter
750 554 838 614 aliam
860 553 1045 628 efflagitatur.
1068 554 1099 611 in
1124 553 1224 627 primis
1250 568 1315 627 ergo
1341 567 1429 626 quae·

303 656 379 714 ritur
393 656 548 729 pudicitia,
570 659 605 715 nt
626 657 741 716 facilius
762 658 952 731 subsequatur
976 656 1074 715 mundi
1095 657 1287 729 contemptus,
1311 655 1379 729 quia
1393 654 1429 713 ab

303 759 365 818 illis
379 761 501 818 mundus
516 760 655 819 contemni
669 760 764 819 leuius
779 762 872 833 potest
887 760 937 834 qui
948 759 1122 818 matrimonii
1133 759 1252 817 nexibus
1262 776 1319 817 non
1329 760 1430 817 tenen-

302 866 360 921 tur.
383 862 481 921 mundi
495 879 562 922 uero
576 865 753 937 contemptus
768 864 941 938 exposcitur,
958 865 992 921 nt
1005 862 1118 921 iustitia
1132 864 1328 931 conseruntur,
1344 876 1432 934 quam

303 966 422 1039 implere
447 965 565 1025 difficile
590 969 710 1040 possunt
736 967 787 1042 qui
813 966 1000 1026 saecularium
1025 966 1161 1025 bonorum
1182 963 1386 1039 cupiditatibus
1401 965 1432 1021 et
1457 976 1471 1015 a

304 1070 511 1127 mundanarum
536 1070 718 1143 uoluptatum
743 1068 867 1144 negotiis
892 1068 1084 1142 implicantur.
1108 1067 1238 1141 quisquis
1260 1084 1326 1141 ergo
1346 1065 1432 1140 pudi-

304 1171 389 1230 citiae
410 1172 531 1245 primam
558 1171 679 1245 speciem
701 1172 827 1247 possidet
842 1174 871 1231 et
886 1172 1051 1243 secundam,
1074 1187 1146 1245 quae
1172 1173 1216 1229 est
1241 1168 1339 1229 mundi
1363 1184 1431 1227 oon-

304 1276 445 1347 temptus,
468 1292 525 1333 non
551 1275 675 1348 obtinet,
698 1292 788 1349 paene
814 1275 875 1334 sine
900 1292 985 1334 causa
1011 1274 1136 1347 possidet
1160 1273 1296 1347 primam,
1319 1272 1432 1345 quando

303 1377 455 1436 secundam
469 1378 641 1449 nonhabet,
664 1380 780 1452 propter
795 1394 881 1453 quam
896 1378 988 1451 prima
1002 1377 1132 1450 quaesita
1147 1379 1200 1435 est.
1225 1378 1253 1435 et
1269 1376 1294 1434 si
1309 1375 1432 1449 primam

304 1482 334 1539 et
348 1481 499 1539 secundam
514 1481 631 1553 habeat,
653 1481 700 1540 oui
715 1481 817 1554 tertia,
840 1498 913 1555 quae
928 1482 972 1539 est
986 1480 1117 1551 iustitia,
1140 1480 1230 1551 desit,
1258 1478 1366 1537 frustra
1385 1478 1433 1535 la·
1445 1491 1474 1530 ro

304 1582 396 1655 borat,
412 1582 545 1656 quoniam
561 1583 719 1657 superiores
733 1586 805 1643 duae
821 1586 936 1658 propter
950 1582 1065 1642 tertiam
1077 1582 1225 1655 praecipue
1236 1581 1432 1655 requiruntur.

305 1686 375 1760 quid
389 1685 464 1744 enim
479 1687 594 1758 prodest
608 1688 722 1759 propter
742 1688 841 1746 mundi
863 1687 1055 1759 contemptum
1075 1684 1241 1757 pudicitiam
1261 1686 1379 1757 habero,
1402 1687 1434 1743 et

305 1790 420 1861 propter
434 1789 509 1862 quod
523 1804 585 1847 earn
599 1789 705 1848 habeas
719 1807 776 1849 non
790 1787 915 1849 habere?
937 1789 985 1847 uel
1006 1804 1055 1847 cur
1075 1805 1120 1847 res
1146 1789 1244 1847 mundi
1259 1790 1433 1859 contemnas,

305 1890 330 1948 si
342 1890 491 1962 iustitiam,
505 1894 714 1965 propterquam
725 1892 901 1966 pudicitiam,
912 1894 1121 1967 propterquam
1131 1892 1230 1951 mundi
1241 1893 1434 1966 contemptum

305 1992 408 2051 habere
422 1995 452 2051 te
466 1995 611 2067 conuenit,
634 2012 691 2053 non
711 1993 875 2055 custodias?
897 1997 964 2072 quia
979 2000 1011 2056 ut
1031 1998 1123 2072 prima
1137 1994 1244 2069 species
1258 1997 1373 2069 proptor
1387 2010 1434 2054 se-
1447 2015 1474 2055 rs

305 2096 426 2155 cundum
448 2099 507 2169 est,
530 2098 573 2156 ita
598 2098 690 2171 prima
720 2101 749 2157 et
780 2100 902 2159 secunda
922 2102 1036 2173 propter
1067 2099 1198 2159 tertiam:
1229 2114 1300 2171 quas
1325 2098 1350 2156 si
1376 2114 1434 2156 nou

307 2198 409 2270 fuerit,
432 2217 483 2258 nec
497 2200 590 2273 prima
603 2217 654 2259 neo
669 2203 791 2261 secunda
806 2202 941 2275 proficiet.

280 2307 297 2361 6
349 2303 428 2362 Dicis
443 2304 581 2363 forsitan:
604 2292 682 2363 ‘doce
696 2321 741 2366 me
756 2322 823 2379 ergo
838 2306 907 2379 quid
922 2306 961 2364 sit
976 2305 1105 2379 iustitia,
1128 2309 1161 2365 ut
1182 2324 1259 2377 earn,
1283 2306 1308 2365 si
1330 2320 1434 2379 eogno-

307 2405 412 2479 uerim,
434 2406 548 2467 facilius
562 2408 680 2481 implere
694 2394 854 2467 sufficiam'.
881 2408 980 2468 Dicam
994 2409 1133 2482 breuiter,
1156 2412 1189 2468 ut
1204 2411 1301 2481 ualeo,
1324 2410 1353 2467 11
1367 2424 1434 2466 ner-

306 2509 407 2568 borum
427 2512 493 2568 utar
508 2510 692 2583 simplicitate
706 2511 911 2584 communium,
934 2513 1003 2587 quia
1017 2529 1103 2571 causa
1117 2514 1151 2572 de
1166 2529 1223 2589 qua
1238 2512 1349 2587 agimus
1364 2510 1434 2568 talis
1443 2529 1473 2570 so

308 2614 362 2685 est,
378 2628 450 2685 qnae
464 2612 661 2671 disertioribus
674 2613 823 2673 facundiae
838 2616 1013 2675 sermonibus
1028 2632 1207 2690 nequaquam
1220 2616 1320 2674 debeat
1332 2614 1433 2675 obscu-

203 2712 205 2718 ’
308 2715 381 2787 rari,
404 2716 454 2773 sed
479 2715 699 2787 simplicioribus
723 2717 902 2790 eloquentiae
925 2719 1136 2779 narrationibus
1161 2720 1256 2793 pandi.
1279 2734 1334 2797 ¹res
1356 2718 1433 2776 enim

308 2815 438 2875 omnibus
452 2817 483 2875 in
498 2833 643 2878 commune
657 2819 817 2877 necessaria
843 2822 983 2880 communi
1008 2823 1091 2881 debet
1117 2838 1243 2881 sermone
1269 2820 1432 2881 monstrari.

309 2918 426 2977 Iustitia
439 2936 506 2993 ergo
520 2936 576 2978 non
590 2920 669 2978 aliud
684 2923 728 2979 est
742 2938 828 2995 quam
842 2941 899 2982 non
913 2940 1042 2998 peccare,
1064 2943 1121 2983 non
1141 2941 1256 2998 peceare
1278 2926 1373 2983 autem
1388 2926 1432 2982 est

309 3019 382 3095 legis
396 3025 546 3095 praecepta
560 3040 682 3082 seruare.
698 3027 911 3097 praeceptorum
925 3028 1020 3085 antem
1035 3028 1194 3087 obseruatio
1209 3026 1317 3100 duplici
1331 3042 1434 3101 genere
1443 3033 1471 3074 2⁵

309 3124 482 3197 custoditur,
506 3127 539 3184 ut
561 3124 634 3185 nihil
658 3143 847 3201 eorumquae
868 3129 1053 3202 prohibentur
1073 3130 1176 3201 facias,
1200 3132 1229 3189 11
1244 3131 1346 3189 cuncta
1360 3146 1434 3204 quae

363 3341 379 3397 1
398 3340 480 3394 aliam
497 3324 584 3397 GRV:
602 3342 698 3396 aliasb
720 3346 733 3412 ΙΙ
756 3343 922 3413 efflagitatur
935 3345 974 3400 R:
993 3344 1133 3415 flagitatur
1151 3346 1203 3402 OV
1269 3347 1288 3403 2
1307 3349 1433 3416 sequatur

313 3425 350 3492 V,
363 3425 524 3495 obsequatur
536 3428 564 3483 R
616 3427 634 3484 3
647 3431 752 3483 amatr.
766 3429 876 3483 nexibus
893 3430 927 3495 V,
941 3432 1095 3485 matrimoni
1107 3433 1136 3486 iu
1148 3433 1258 3487 nexibus
1271 3434 1299 3488 R
1350 3434 1368 3492 5
1381 3432 1433 3487 uir-

309 3510 379 3566 ficile
390 3512 500 3581 implere
518 3512 541 3569 G
590 3512 608 3569 6
626 3514 738 3582 quisque
751 3515 808 3570 RV
821 3517 833 3584 {l
852 3531 914 3585 ergo
927 3532 975 3570 om.
994 3517 1021 3571 V
1033 3520 1045 3586 ΙΙ
1061 3517 1206 3587 pudicitiae
1218 3518 1387 3589 (pudicitiam
1398 3520 1433 3589 V)

308 3597 423 3667 primam
435 3597 548 3667 speciem
560 3598 678 3668 possidet
687 3600 756 3655 RV:
768 3615 836 3669 poss.
850 3601 927 3669 prim.
941 3618 978 3671 sp.
992 3603 1137 3671 pudicitiae
1149 3604 1184 3658 H
1186 3646 1192 3668 ,
1205 3604 1350 3673 pudicitiae
1362 3620 1432 3673 poss.

308 3684 386 3752 prim.
407 3700 444 3752 sp.
472 3683 495 3738 G
563 3684 598 3739 11
617 3683 683 3738 duae
695 3687 804 3754 propter
815 3686 951 3741 iustitiam
962 3689 1101 3758 praecipue
1113 3691 1285 3759 requiruntur
1306 3690 1346 3759 u,
1365 3690 1432 3745 duae

308 3770 480 3837 requiruntur
492 3771 599 3838 propter
611 3771 721 3824 tertiam
737 3772 765 3825 V
809 3772 935 3829 12111111
949 3775 1039 3828 om.V
1092 3775 1128 3833 13
1146 3776 1278 3833 habeatR
1300 3779 1313 3846 {l
1332 3793 1432 3832 curres

308 3855 401 3909 mundi
413 3855 456 3909 H:
468 3871 514 3908 cur
525 3852 651 3908 mundum
662 3855 697 3921 V,
715 3856 758 3910 c-ni
771 3857 948 3913 raimundum
965 3860 1014 3916 GR
1079 3861 1116 3917 14
1126 3865 1234 3931 propter
1248 3878 1327 3931 qnam
1341 3863 1434 3917 mundi

309 3941 377 3997 RV:
387 3943 414 3995 et
424 3943 616 4011 propterquam
625 3942 717 3995 mundi
727 3943 754 4006 0,
766 3945 793 3997 et
805 3943 936 3998 mundiH
981 3946 1018 4004 15
1030 3948 1202 4003 conueniatR
1248 3950 1284 4006 16
1297 3948 1337 4003 111
1347 3948 1435 4017 prima

309 4026 349 4082 R:
362 4026 402 4080 ita
414 4028 442 4081 et
452 4026 539 4096 prima
554 4026 606 4081 OV
623 4028 635 4094 ll
657 4029 685 4081 et
696 4029 900 4084 secunda—nec
911 4030 998 4101 prima
1010 4047 1058 4086 osu.
1076 4033 1102 4085 V
1118 4036 1130 4101 ΙΙ
1151 4034 1260 4088 tertiam
1274 4034 1337 4090 GH:
1354 4034 1435 4088 iusti-

308 4112 415 4168 tiamR
463 4111 499 4169 18
511 4127 574 4182 ergo
582 4113 662 4167 meR
709 4113 745 4170 19
758 4114 846 4171 dicam
856 4115 909 4169 tibi
920 4115 1099 4186 111111111οΗ
1116 4119 1221 4174 ualeam
1235 4120 1262 4173 V
1304 4119 1435 4177 20causa

309 4197 496 4267 talisquaeV
558 4199 595 4255 21
609 4198 799 4253 desertioribus
812 4201 840 4258 R
859 4202 872 4269 ΙΙ
894 4201 1019 4257 debetH
1030 4206 1042 4273 Η
1057 4204 1229 4261 obsecrarilt
1279 4205 1435 4275 2211111111-

309 4282 388 4336 cioris
404 4283 457 4337 oV
518 4284 557 4341 23
569 4284 691 4338 omuibus
701 4300 749 4339 orn.
760 4285 788 4341 R
859 4287 899 4343 24
916 4304 968 4341 non
991 4292 1032 4343 est
1056 4290 1129 4344 aliud
1142 4292 1183 4355 H,
1208 4290 1282 4345 aliud
1293 4308 1344 4345 non
1356 4294 1399 4345 est
1413 4293 1440 4346 V

361 4367 399 4425 25
417 4369 507 4422 antem
519 4370 560 4423 H:
574 4370 649 4424 uobis
661 4370 700 4436 R,
711 4387 774 4425 uero
787 4372 863 4440 ΟΠ.
870 4374 884 4440 )
932 4373 970 4430 26
982 4374 1236 4432 iacias-iubentur
1247 4394 1296 4434 111.
1306 4378 1333 4433 R
1340 4394 1386 4447 pr.
1400 4396 1433 4433 m.
