3050 4984
1145 420 1238 471 XXIII

106 583 209 646 iura:
250 574 324 648 6136
351 575 449 671 sorte
489 576 590 672 apud
627 576 711 650 r'stcs
742 576 860 651 maior
887 576 1239 673 66316163611916666

23 730 24 805 1
106 707 166 767 cat
193 694 320 791 3611916
348 707 449 768 sanct
449 694 507 767 c'cr
546 697 707 769 sacerdot
694 709 788 787 ſtram
817 721 898 769 cam
916 721 1038 830 paene
1060 698 1100 770 a
1118 696 1238 796 plari-

104 812 165 886 163
193 812 397 911 6169616163
423 827 467 888 6
493 839 604 912 qaae
630 816 863 889 inconsultius
894 841 929 889 36
963 816 1053 889 airis
1077 817 1238 890 16136613-

104 945 220 1008 3661..
244 934 290 1007 at
310 934 482 1008 6116631166
505 935 1239 1034 6166666166111663111661661611666·

103 1063 179 1125 tam
208 1078 290 1127 6336
318 1053 461 1128 dudum
487 1055 714 1130 intellectum
742 1066 816 1148 631,
853 1056 916 1129 sed
940 1058 972 1128 ei
998 1055 1097 1153 quod
1120 1057 1236 1154 uulgo

103 1197 149 1245 ex
172 1171 350 1247 Vrsini
385 1177 595 1249 coniectura
635 1176 896 1250 circumfertur
921 1168 972 1248 ‘at
997 1180 1097 1274 qace'
1119 1174 1237 1248 Vah·

101 1292 550 1386 leniiemendationem
576 1292 636 1369 ‘set
658 1296 753 1393 qaae’
783 1296 973 1393 praeferre
995 1321 1070 1369 non
1094 1296 1236 1368 dubita-

103 1414 240 1485 uimus.
283 1410 421 1487 Similis
449 1425 506 1488 631
532 1439 645 1488 causa
671 1416 743 1488 loci
771 1439 798 1487 c.
827 1417 888 1505 37,
918 1418 951 1506 9,
980 1417 1046 1512 qui
1072 1416 1125 1488 sic
1152 1416 1234 1488 uul-

103 1534 179 1629 gari
201 1533 318 1607 solet:
340 1559 403 1607 rec
425 1534 481 1608 639
507 1547 538 1608 61
560 1546 633 1609 tam
655 1534 753 1608 161663
776 1560 881 1632 quam
903 1534 1046 1624 11166613,
1070 1534 1237 1632 neglecta

102 1654 300 1725 uerissima
338 1653 544 1752 Rigaltii
584 1654 839 1728 emendatione
876 1646 951 1728 ‘rec
984 1655 1041 1728 639
1075 1657 1236 1730 sedtum

102 1764 221 1865 161663,
269 1798 381 1870 quarn
421 1775 665 1847 necessariam
706 1798 786 1847 esse
827 1775 1007 1847 sententia
1052 1776 1236 1849 contraria

101 1894 307 1966 euincitur:
336 1893 434 1967 311663
461 1894 517 1968 639
542 1896 603 1969 3661
619 1894 794 1991 fornicar
820 1895 911 1967 male
939 1894 1102 1968 creditur.
1132 1920 1234 1968 nunc

103 2015 257 2086 accessit
284 2010 421 2087 codicis
447 2015 564 2112 ipsius
591 2014 864 2104 testimonium,
906 2014 1048 2110 inquo
1079 2014 1173 2087 illud
1200 2041 1235 2090 63

103 2144 132 2204 ct
157 2132 326 2207 secunda
351 2158 466 2205 manu
493 2144 702 2207 correctum
730 2145 804 2222 est,
842 2159 927 2206 cum
953 2136 1074 2232 prima
1100 2135 1235 2209 habeat

103 2251 499 2343 mffifflmam
753 2238 754 2241 ¹

151 2370 189 2445 C.
218 2376 277 2463 28,
303 2376 334 2445 7.
362 2374 444 2447 dem
470 2372 574 2447 boam
601 2374 720 2472 capric
760 2386 791 2447 61
831 2372 951 2471 capita
987 2397 1177 2447 caraecarae
1202 2386 1234 2448 61

23 2566 24 2589 ,
104 2491 295 2566 immolatas
322 2506 353 2567 61
380 2493 514 2584 coldas,
543 2495 585 2567 de
613 2519 722 2592 capro
750 2492 856 2567 etiam
883 2505 914 2566 61
939 2490 1080 2565 homene
1105 2493 1233 2567 666163

23 2594 24 2621 ³
102 2614 182 2686 decr
225 2614 422 2687 aleonum
449 2626 480 2687 61
507 2639 638 2687 canam
676 2614 795 2687 661163
829 2616 911 2687 deor
945 2613 1124 2686 dedicatas.
1167 2612 1232 2685 Mi·

23 2730 24 2763 ³
102 2734 255 2805 nucium
279 2732 399 2805 dicere
434 2759 509 2805 non
549 2735 714 2831 potuisse
742 2734 908 2807 ethnicos
934 2733 1085 2805 leonum
1113 2743 1149 2805 et
1176 2760 1231 2807 ca·

102 2836 201 2925 num'
221 2853 351 2925 uultus
379 2863 423 2925 61
451 2855 537 2927 deos
565 2854 752 2927 dedicasse
786 2856 862 2926 iam
889 2850 1102 2928 Gelenius
1124 2853 1231 2939 uidit,

23 2980 24 2995 ³
103 2974 165 3046 sed
196 2976 274 3045 eius
301 2975 384 3047 loco
413 2976 515 3072 quod
542 2976 603 3047 1116
631 2976 795 3048 correxit
821 2976 923 3048 66116
957 2985 1149 3071 praestare
1178 2976 1232 3047 ui-

23 3088 24 3113 *
103 3116 187 3165 sum
215 3102 272 3165 631
299 3093 453 3167 uultibus
479 3095 694 3185 emendare,
730 3095 752 3167 1.
777 3119 806 3166 6.
836 3095 924 3169 (1663
960 3096 1138 3169 dedicatis
1166 3096 1233 3192 qui

103 3212 256 3285 leonum
284 3224 350 3285 361
377 3239 513 3286 canum
541 3217 667 3287 661163
694 3238 784 3311 prae
820 3239 859 3285 36
890 3217 1032 3305 ferunt-3
1074 3216 1117 3287 cf.
1143 3213 1232 3288 Ter-

104 3333 182 3405 tull.
210 3333 320 3431 Apol.
358 3360 385 3407 6.
419 3338 485 3407 16:
523 3337 584 3408 3661
613 3314 670 3408 illi
704 3332 895 3407 debuerant
935 3337 1090 3408 adorare
1114 3335 1232 3409 statim

23 3496 24 3501 κ
106 3449 250 3549 11166666
276 3480 407 3529 666166
414 3512 423 3547 ,
451 3456 535 3553 qaia
562 3468 593 3529 61
620 3454 749 3529 caniac
779 3456 974 3530 6116661116
1003 3455 1231 3554 6666166661-

23 3562 24 3567 ’
105 3574 255 3646 mistos..
297 3576 379 3648 deos
417 3588 630 3673 receperunt.
665 3574 905 3649 Contrarium
946 3577 1080 3649 uitium
1113 3576 1231 3649 codex

106 3691 213 3766 habet
239 3719 275 3792 p.
300 3694 359 3784 23,
385 3697 425 3786 2,
454 3697 536 3767 ubi
580 3697 762 3792 scriptura
802 3695 956 3771 sensibus
994 3698 1067 3769 iam
1107 3697 1147 3799 in
1174 3697 1230 3769 ed

106 3813 270 3910 principe
304 3814 343 3885 in
382 3840 501 3888 366363
541 3816 1068 3890 66666136311166311161616
1094 3818 1231 3889 uitium

107 3932 223 4005 adhuc
263 3932 301 4005 in
342 3934 520 4031 exemplis
560 3936 722 4033 uulgatis
765 3961 793 4008 c.
819 3940 864 4007 27
869 3994 878 4026 ,
904 3942 945 4028 1,
989 3937 1054 4009 ubi
1094 3937 1229 4009 codicis

108 4053 288 4150 scriptura
310 4046 407 4127 ‘dam
433 4054 654 4152 inspirantur
677 4056 740 4151 (36.
764 4057 978 4153 daemones)
1000 4055 1140 4129 16166661
1167 4084 1230 4130 aa·

108 4165 197 4245 111163
227 4174 321 4245 hanc
360 4177 582 4247 seutentiam
615 4175 750 4249 habere
784 4178 1037 4249 existimatur:
1076 4174 1180 4249 ‘dum
1208 4204 1230 4250 a

109 4290 345 4366 daemonibus
372 4306 477 4368 uates
504 4289 756 4394 inspirantur',
803 4298 908 4393 quasi
948 4298 1067 4369 ullum
1107 4322 1254 4371 exem··
