<?xml version="1.0" encoding="UTF-8"?>
<!DOCTYPE html PUBLIC "-//W3C//DTD XHTML 1.0 Transitional//EN"
    "http://www.w3.org/TR/xhtml1/DTD/xhtml1-transitional.dtd">
<html xmlns="http://www.w3.org/1999/xhtml" xml:lang="en" lang="en">
 <head>
  <title>
</title>
<meta http-equiv="Content-Type" content="text/html;charset=utf-8" />
  <meta name='ocr-system' content='tesseract 3.04.00' />
  <meta name='ocr-capabilities' content='ocr_page ocr_carea ocr_par ocr_line ocrx_word'/>
</head>
<body>
  <div class='ocr_page' id='page_1' title='image "./corpusscriptoru02wissgoog_0099.png"; bbox 0 0 3050 4984; ppageno 0'>
   <div class='ocr_carea' id='block_1_1' title="bbox 466 400 1183 471">
    <p class='ocr_par' dir='ltr' id='par_1_1' title="bbox 466 400 1183 471">
     <span class='ocr_line' id='line_1_1' title="bbox 466 400 1183 471; baseline 0.001 -14"><span class='ocrx_word' id='word_1_1' title='bbox 466 400 581 457; x_wconf 73' lang='lat' dir='ltr'>esron.</span> <span class='ocrx_word' id='word_1_2' title='bbox 600 400 636 466; x_wconf 91' lang='lat'>11,</span> <span class='ocrx_word' id='word_1_3' title='bbox 657 400 774 458; x_wconf 81' lang='lat' dir='ltr'>ra-rr.</span> <span class='ocrx_word' id='word_1_4' title='bbox 1141 406 1183 471; x_wconf 74' lang='lat'>59</span> 
     </span>
    </p>
   </div>
   <div class='ocr_carea' id='block_1_2' title="bbox 58 557 1271 3543">
    <p class='ocr_par' dir='ltr' id='par_1_2' title="bbox 58 557 1271 3543">
     <span class='ocr_line' id='line_1_2' title="bbox 78 557 1211 643; baseline 0.004 -20"><span class='ocrx_word' id='word_1_5' title='bbox 78 574 181 623; x_wconf 87' lang='lat' dir='ltr'>eausam</span> <span class='ocrx_word' id='word_1_6' title='bbox 196 558 276 623; x_wconf 86' lang='lat' dir='ltr'>dari.</span> <span class='ocrx_word' id='word_1_7' title='bbox 301 559 415 624; x_wconf 79' lang='lat' dir='ltr'>Esther</span> <span class='ocrx_word' id='word_1_8' title='bbox 428 557 625 623; x_wconf 75' lang='lat' dir='ltr'>lamentantis</span> <span class='ocrx_word' id='word_1_9' title='bbox 640 575 712 623; x_wconf 85' lang='lat' dir='ltr'>reue</span> <span class='ocrx_word' id='word_1_10' title='bbox 731 558 830 624; x_wconf 82' lang='lat' dir='ltr'>exeita</span> <span class='ocrx_word' id='word_1_11' title='bbox 844 577 918 636; x_wconf 84' lang='lat' dir='ltr'>rem,</span> <span class='ocrx_word' id='word_1_12' title='bbox 935 559 1058 639; x_wconf 86' lang='lat' dir='ltr'>uteret,</span> <span class='ocrx_word' id='word_1_13' title='bbox 1075 575 1211 643; x_wconf 78' lang='lat' dir='ltr'>cogno-h</span> 
     </span>
     <span class='ocr_line' id='line_1_3' title="bbox 77 661 1184 746; baseline 0.003 -22"><span class='ocrx_word' id='word_1_14' title='bbox 77 661 132 725; x_wconf 89' lang='lat' dir='ltr'>seit.</span> <span class='ocrx_word' id='word_1_15' title='bbox 152 664 220 725; x_wconf 89' lang='lat' dir='ltr'>tum</span> <span class='ocrx_word' id='word_1_16' title='bbox 236 680 315 725; x_wconf 90' lang='lat' dir='ltr'>uere</span> <span class='ocrx_word' id='word_1_17' title='bbox 337 680 446 745; x_wconf 81' lang='lat' dir='ltr'>anceps</span> <span class='ocrx_word' id='word_1_18' title='bbox 470 661 600 741; x_wconf 86' lang='lat' dir='ltr'>eensilii,</span> <span class='ocrx_word' id='word_1_19' title='bbox 623 662 695 744; x_wconf 93' lang='lat' dir='ltr'>quia</span> <span class='ocrx_word' id='word_1_20' title='bbox 710 662 842 727; x_wconf 89' lang='lat' dir='ltr'>adeundi</span> <span class='ocrx_word' id='word_1_21' title='bbox 857 681 961 746; x_wconf 84' lang='lat' dir='ltr'>regem</span> <span class='ocrx_word' id='word_1_22' title='bbox 975 664 1110 745; x_wconf 90' lang='lat' dir='ltr'>potestas</span> <span class='ocrx_word' id='word_1_23' title='bbox 1125 680 1184 727; x_wconf 90' lang='lat' dir='ltr'>nen</span> 
     </span>
     <span class='ocr_line' id='line_1_4' title="bbox 77 763 1183 850; baseline 0.002 -23"><span class='ocrx_word' id='word_1_24' title='bbox 77 763 179 827; x_wconf 85' lang='lat' dir='ltr'>erat-</span> <span class='ocrx_word' id='word_1_25' title='bbox 194 763 317 829; x_wconf 86' lang='lat' dir='ltr'>etenim</span> <span class='ocrx_word' id='word_1_26' title='bbox 342 781 427 829; x_wconf 88' lang='lat' dir='ltr'>mere</span> <span class='ocrx_word' id='word_1_27' title='bbox 440 764 604 829; x_wconf 87' lang='lat' dir='ltr'>Persarum</span> <span class='ocrx_word' id='word_1_28' title='bbox 629 765 753 850; x_wconf 82' lang='lat' dir='ltr'>reginae</span> <span class='ocrx_word' id='word_1_29' title='bbox 777 765 904 831; x_wconf 86' lang='lat' dir='ltr'>introire</span> <span class='ocrx_word' id='word_1_30' title='bbox 929 766 969 831; x_wconf 82' lang='lat' dir='ltr'>ad</span> <span class='ocrx_word' id='word_1_31' title='bbox 995 784 1098 850; x_wconf 84' lang='lat' dir='ltr'>regem</span> <span class='ocrx_word' id='word_1_32' title='bbox 1123 765 1183 831; x_wconf 91' lang='lat' dir='ltr'>nisi</span> 
     </span>
     <span class='ocr_line' id='line_1_5' title="bbox 76 865 1183 953; baseline 0.002 -23"><span class='ocrx_word' id='word_1_33' title='bbox 76 865 221 931; x_wconf 80' lang='lat' dir='ltr'>aeremitae</span> <span class='ocrx_word' id='word_1_34' title='bbox 233 866 391 948; x_wconf 76' lang='lat' dir='ltr'>nonlicet,</span> <span class='ocrx_word' id='word_1_35' title='bbox 403 887 458 933; x_wconf 90' lang='lat' dir='ltr'>nee</span> <span class='ocrx_word' id='word_1_36' title='bbox 468 868 663 948; x_wconf 72' lang='lat' dir='ltr'>tamencum</span> <span class='ocrx_word' id='word_1_37' title='bbox 675 867 989 953; x_wconf 80' lang='lat' dir='ltr'>iueritregilibitum,</span> <span class='ocrx_word' id='word_1_38' title='bbox 1002 869 1055 935; x_wconf 88' lang='lat' dir='ltr'>sed</span> <span class='ocrx_word' id='word_1_39' title='bbox 1067 869 1183 935; x_wconf 90' lang='lat' dir='ltr'>statute</span> 
     </span>
     <span class='ocr_line' id='line_1_6' title="bbox 64 970 1184 1052; baseline -0.003 -14"><span class='ocrx_word' id='word_1_40' title='bbox 64 970 193 1051; x_wconf 77' lang='lat' dir='ltr'>stenpere</span> <span class='ocrx_word' id='word_1_41' title='bbox 208 970 395 1036; x_wconf 83' lang='lat' dir='ltr'>admittitur</span> <span class='ocrx_word' id='word_1_42' title='bbox 410 1009 449 1017; x_wconf 92' lang='lat'>—</span> <span class='ocrx_word' id='word_1_43' title='bbox 465 972 496 1037; x_wconf 91' lang='lat' dir='ltr'>et</span> <span class='ocrx_word' id='word_1_44' title='bbox 510 971 590 1037; x_wconf 89' lang='lat' dir='ltr'>ferte</span> <span class='ocrx_word' id='word_1_45' title='bbox 602 973 672 1037; x_wconf 93' lang='lat' dir='ltr'>tum</span> <span class='ocrx_word' id='word_1_46' title='bbox 687 972 733 1037; x_wconf 85' lang='lat' dir='ltr'>ita</span> <span class='ocrx_word' id='word_1_47' title='bbox 748 972 906 1052; x_wconf 87' lang='lat' dir='ltr'>euenerat,</span> <span class='ocrx_word' id='word_1_48' title='bbox 930 973 967 1037; x_wconf 92' lang='lat' dir='ltr'>ut</span> <span class='ocrx_word' id='word_1_49' title='bbox 980 971 1088 1037; x_wconf 91' lang='lat' dir='ltr'>diebus</span> <span class='ocrx_word' id='word_1_50' title='bbox 1109 989 1184 1035; x_wconf 89' lang='lat' dir='ltr'>xxx</span> 
     </span>
     <span class='ocr_line' id='line_1_7' title="bbox 75 1072 1213 1160; baseline 0.004 -26"><span class='ocrx_word' id='word_1_51' title='bbox 75 1072 356 1155; x_wconf 86' lang='lat' dir='ltr'>prerimisseparata</span> <span class='ocrx_word' id='word_1_52' title='bbox 366 1093 385 1138; x_wconf 93' lang='lat' dir='ltr'>a</span> <span class='ocrx_word' id='word_1_53' title='bbox 395 1075 556 1157; x_wconf 88' lang='lat' dir='ltr'>eeuspeetu</span> <span class='ocrx_word' id='word_1_54' title='bbox 568 1075 650 1159; x_wconf 84' lang='lat' dir='ltr'>regis</span> <span class='ocrx_word' id='word_1_55' title='bbox 655 1076 767 1141; x_wconf 80' lang='lat' dir='ltr'>Esther</span> <span class='ocrx_word' id='word_1_56' title='bbox 778 1075 947 1141; x_wconf 88' lang='lat' dir='ltr'>haberetur.</span> <span class='ocrx_word' id='word_1_57' title='bbox 960 1075 1059 1160; x_wconf 80' lang='lat' dir='ltr'>igitur</span> <span class='ocrx_word' id='word_1_58' title='bbox 1069 1075 1183 1141; x_wconf 89' lang='lat' dir='ltr'>auden·</span> <span class='ocrx_word' id='word_1_59' title='bbox 1196 1101 1213 1156; x_wconf 85' lang='lat'>6</span> 
     </span>
     <span class='ocr_line' id='line_1_8' title="bbox 76 1174 1271 1261; baseline 0.004 -23"><span class='ocrx_word' id='word_1_60' title='bbox 76 1174 134 1238; x_wconf 89' lang='lat' dir='ltr'>dum</span> <span class='ocrx_word' id='word_1_61' title='bbox 147 1175 268 1259; x_wconf 83' lang='lat' dir='ltr'>aliquid</span> <span class='ocrx_word' id='word_1_62' title='bbox 283 1195 339 1259; x_wconf 89' lang='lat' dir='ltr'>pre</span> <span class='ocrx_word' id='word_1_63' title='bbox 354 1177 474 1243; x_wconf 82' lang='lat' dir='ltr'>ciuibus</span> <span class='ocrx_word' id='word_1_64' title='bbox 489 1179 564 1259; x_wconf 78' lang='lat' dir='ltr'>rata,</span> <span class='ocrx_word' id='word_1_65' title='bbox 580 1178 638 1243; x_wconf 87' lang='lat' dir='ltr'>etsi</span> <span class='ocrx_word' id='word_1_66' title='bbox 653 1179 735 1244; x_wconf 90' lang='lat' dir='ltr'>eerta</span> <span class='ocrx_word' id='word_1_67' title='bbox 747 1179 843 1261; x_wconf 92' lang='lat' dir='ltr'>pestis</span> <span class='ocrx_word' id='word_1_68' title='bbox 859 1180 987 1259; x_wconf 82' lang='lat' dir='ltr'>adesset,</span> <span class='ocrx_word' id='word_1_69' title='bbox 1010 1178 1137 1261; x_wconf 79' lang='lat' dir='ltr'>pulchre</span> <span class='ocrx_word' id='word_1_70' title='bbox 1151 1178 1185 1243; x_wconf 93' lang='lat' dir='ltr'>in</span> <span class='ocrx_word' id='word_1_71' title='bbox 1269 1178 1271 1185; x_wconf 81' lang='grc'>’</span> 
     </span>
     <span class='ocr_line' id='line_1_9' title="bbox 76 1278 1184 1367; baseline 0.006 -27"><span class='ocrx_word' id='word_1_72' title='bbox 76 1278 179 1362; x_wconf 84' lang='lat' dir='ltr'>negotio</span> <span class='ocrx_word' id='word_1_73' title='bbox 193 1281 380 1346; x_wconf 79' lang='lat' dir='ltr'>decumbere</span> <span class='ocrx_word' id='word_1_74' title='bbox 393 1283 508 1364; x_wconf 83' lang='lat' dir='ltr'>parata,</span> <span class='ocrx_word' id='word_1_75' title='bbox 523 1282 663 1347; x_wconf 75' lang='lat' dir='ltr'>innotata</span> <span class='ocrx_word' id='word_1_76' title='bbox 677 1282 763 1365; x_wconf 90' lang='lat' dir='ltr'>prius</span> <span class='ocrx_word' id='word_1_77' title='bbox 777 1283 851 1361; x_wconf 83' lang='lat' dir='ltr'>Dee,</span> <span class='ocrx_word' id='word_1_78' title='bbox 867 1283 970 1347; x_wconf 88' lang='lat' dir='ltr'>aulam</span> <span class='ocrx_word' id='word_1_79' title='bbox 986 1282 1068 1367; x_wconf 86' lang='lat' dir='ltr'>regis</span> <span class='ocrx_word' id='word_1_80' title='bbox 1081 1281 1184 1366; x_wconf 82' lang='lat' dir='ltr'>ingre·</span> 
     </span>
     <span class='ocr_line' id='line_1_10' title="bbox 78 1380 1182 1468; baseline 0.005 -24"><span class='ocrx_word' id='word_1_81' title='bbox 78 1380 151 1446; x_wconf 89' lang='lat' dir='ltr'>ditur.</span> <span class='ocrx_word' id='word_1_82' title='bbox 172 1384 207 1447; x_wconf 92' lang='lat' dir='ltr'>at</span> <span class='ocrx_word' id='word_1_83' title='bbox 228 1384 381 1450; x_wconf 84' lang='lat' dir='ltr'>barbarus</span> <span class='ocrx_word' id='word_1_84' title='bbox 403 1405 436 1451; x_wconf 92' lang='lat' dir='ltr'>re</span> <span class='ocrx_word' id='word_1_85' title='bbox 456 1386 581 1451; x_wconf 82' lang='lat' dir='ltr'>insolita</span> <span class='ocrx_word' id='word_1_86' title='bbox 601 1404 771 1468; x_wconf 81' lang='lat' dir='ltr'>percussus,</span> <span class='ocrx_word' id='word_1_87' title='bbox 792 1386 944 1468; x_wconf 84' lang='lat' dir='ltr'>paulatim</span> <span class='ocrx_word' id='word_1_88' title='bbox 973 1385 1182 1451; x_wconf 85' lang='lat' dir='ltr'>blandimento</span> 
     </span>
     <span class='ocr_line' id='line_1_11' title="bbox 58 1484 1184 1574; baseline 0.004 -26"><span class='ocrx_word' id='word_1_89' title='bbox 58 1484 204 1557; x_wconf 65' lang='lat' dir='ltr'>enniiehri</span> <span class='ocrx_word' id='word_1_90' title='bbox 215 1486 377 1568; x_wconf 84' lang='lat' dir='ltr'>delinitus,</span> <span class='ocrx_word' id='word_1_91' title='bbox 400 1486 603 1571; x_wconf 79' lang='lat' dir='ltr'>postreme&#39;ad</span> <span class='ocrx_word' id='word_1_92' title='bbox 614 1508 721 1555; x_wconf 85' lang='lat' dir='ltr'>uenam</span> <span class='ocrx_word' id='word_1_93' title='bbox 731 1489 855 1574; x_wconf 84' lang='lat' dir='ltr'>reginae</span> <span class='ocrx_word' id='word_1_94' title='bbox 865 1488 1048 1572; x_wconf 80' lang='lat' dir='ltr'>perducitur,</span> <span class='ocrx_word' id='word_1_95' title='bbox 1065 1506 1184 1569; x_wconf 82' lang='lat' dir='ltr'>unaque</span> 
     </span>
     <span class='ocr_line' id='line_1_12' title="bbox 80 1588 1212 1678; baseline 0.004 -28"><span class='ocrx_word' id='word_1_96' title='bbox 80 1604 133 1651; x_wconf 87' lang='lat' dir='ltr'>eum</span> <span class='ocrx_word' id='word_1_97' title='bbox 145 1588 200 1655; x_wconf 89' lang='lat' dir='ltr'>ille</span> <span class='ocrx_word' id='word_1_98' title='bbox 223 1590 332 1656; x_wconf 76' lang='lat' dir='ltr'>Amen</span> <span class='ocrx_word' id='word_1_99' title='bbox 353 1591 408 1657; x_wconf 87' lang='lat' dir='ltr'>iile</span> <span class='ocrx_word' id='word_1_100' title='bbox 429 1592 494 1678; x_wconf 85' lang='lat' dir='ltr'>regi</span> <span class='ocrx_word' id='word_1_101' title='bbox 516 1611 604 1658; x_wconf 86' lang='lat' dir='ltr'>eurus</span> <span class='ocrx_word' id='word_1_102' title='bbox 625 1593 657 1657; x_wconf 91' lang='lat' dir='ltr'>et</span> <span class='ocrx_word' id='word_1_103' title='bbox 678 1592 808 1657; x_wconf 85' lang='lat' dir='ltr'>Iudaeae</span> <span class='ocrx_word' id='word_1_104' title='bbox 822 1592 907 1677; x_wconf 84' lang='lat' dir='ltr'>genti</span> <span class='ocrx_word' id='word_1_105' title='bbox 922 1590 1060 1657; x_wconf 87' lang='lat' dir='ltr'>infestus.</span> <span class='ocrx_word' id='word_1_106' title='bbox 1086 1590 1212 1675; x_wconf 69' lang='lat' dir='ltr'>igiturr</span> 
     </span>
     <span class='ocr_line' id='line_1_13' title="bbox 81 1693 1183 1780; baseline 0.004 -25"><span class='ocrx_word' id='word_1_107' title='bbox 81 1708 135 1755; x_wconf 85' lang='lat' dir='ltr'>unm</span> <span class='ocrx_word' id='word_1_108' title='bbox 152 1693 216 1759; x_wconf 90' lang='lat' dir='ltr'>iam</span> <span class='ocrx_word' id='word_1_109' title='bbox 243 1698 318 1778; x_wconf 90' lang='lat' dir='ltr'>pest</span> <span class='ocrx_word' id='word_1_110' title='bbox 338 1697 443 1779; x_wconf 88' lang='lat' dir='ltr'>epulas</span> <span class='ocrx_word' id='word_1_111' title='bbox 463 1698 572 1763; x_wconf 89' lang='lat' dir='ltr'>multis</span> <span class='ocrx_word' id='word_1_112' title='bbox 592 1697 710 1780; x_wconf 81' lang='lat' dir='ltr'>perulis</span> <span class='ocrx_word' id='word_1_113' title='bbox 724 1696 902 1762; x_wconf 88' lang='lat' dir='ltr'>eenuiuiunr</span> <span class='ocrx_word' id='word_1_114' title='bbox 916 1696 1012 1761; x_wconf 84' lang='lat' dir='ltr'>ualere</span> <span class='ocrx_word' id='word_1_115' title='bbox 1027 1694 1183 1777; x_wconf 78' lang='lat' dir='ltr'>coepisset,</span> 
     </span>
     <span class='ocr_line' id='line_1_14' title="bbox 81 1794 1182 1885; baseline 0.002 -24"><span class='ocrx_word' id='word_1_116' title='bbox 81 1794 172 1872; x_wconf 83' lang='lat' dir='ltr'>Esther</span> <span class='ocrx_word' id='word_1_117' title='bbox 185 1799 323 1883; x_wconf 83' lang='lat' dir='ltr'>genibus</span> <span class='ocrx_word' id='word_1_118' title='bbox 331 1799 413 1885; x_wconf 86' lang='lat' dir='ltr'>regis</span> <span class='ocrx_word' id='word_1_119' title='bbox 422 1800 609 1880; x_wconf 86' lang='lat' dir='ltr'>aduuluiiur‚</span> <span class='ocrx_word' id='word_1_120' title='bbox 624 1800 726 1885; x_wconf 86' lang='lat' dir='ltr'>gentis</span> <span class='ocrx_word' id='word_1_121' title='bbox 737 1819 810 1867; x_wconf 86' lang='lat' dir='ltr'>suae</span> <span class='ocrx_word' id='word_1_122' title='bbox 820 1799 984 1882; x_wconf 88' lang='lat' dir='ltr'>pernieiem</span> <span class='ocrx_word' id='word_1_123' title='bbox 996 1798 1182 1881; x_wconf 87' lang='lat' dir='ltr'>depreeatur.</span> 
     </span>
     <span class='ocr_line' id='line_1_15' title="bbox 82 1902 1185 1987; baseline 0.004 -24"><span class='ocrx_word' id='word_1_124' title='bbox 82 1916 121 1962; x_wconf 86' lang='lat' dir='ltr'>rer</span> <span class='ocrx_word' id='word_1_125' title='bbox 132 1918 199 1966; x_wconf 89' lang='lat' dir='ltr'>nere</span> <span class='ocrx_word' id='word_1_126' title='bbox 212 1903 298 1967; x_wconf 85' lang='lat' dir='ltr'>nihil</span> <span class='ocrx_word' id='word_1_127' title='bbox 312 1922 345 1970; x_wconf 93' lang='lat' dir='ltr'>se</span> <span class='ocrx_word' id='word_1_128' title='bbox 358 1904 485 1987; x_wconf 78' lang='lat' dir='ltr'>petenti,</span> <span class='ocrx_word' id='word_1_129' title='bbox 514 1904 542 1969; x_wconf 93' lang='lat' dir='ltr'>si</span> <span class='ocrx_word' id='word_1_130' title='bbox 556 1904 631 1987; x_wconf 93' lang='lat' dir='ltr'>quid</span> <span class='ocrx_word' id='word_1_131' title='bbox 644 1904 727 1969; x_wconf 89' lang='lat' dir='ltr'>ultra</span> <span class='ocrx_word' id='word_1_132' title='bbox 739 1904 873 1986; x_wconf 87' lang='lat' dir='ltr'>peteret,</span> <span class='ocrx_word' id='word_1_133' title='bbox 896 1903 1080 1987; x_wconf 88' lang='lat' dir='ltr'>negaturum</span> <span class='ocrx_word' id='word_1_134' title='bbox 1093 1902 1185 1985; x_wconf 88' lang='lat' dir='ltr'>pelli-</span> 
     </span>
     <span class='ocr_line' id='line_1_16' title="bbox 63 2004 1214 2091; baseline 0.004 -25"><span class='ocrx_word' id='word_1_135' title='bbox 63 2004 159 2069; x_wconf 82' lang='lat' dir='ltr'>seetur.</span> <span class='ocrx_word' id='word_1_136' title='bbox 180 2006 252 2072; x_wconf 91' lang='lat' dir='ltr'>tum</span> <span class='ocrx_word' id='word_1_137' title='bbox 274 2008 388 2073; x_wconf 83' lang='lat' dir='ltr'>Esther</span> <span class='ocrx_word' id='word_1_138' title='bbox 408 2008 527 2091; x_wconf 88' lang='lat' dir='ltr'>arrepto</span> <span class='ocrx_word' id='word_1_139' title='bbox 548 2010 685 2091; x_wconf 88' lang='lat' dir='ltr'>tempere</span> <span class='ocrx_word' id='word_1_140' title='bbox 706 2007 836 2073; x_wconf 80' lang='lat' dir='ltr'>Amunis</span> <span class='ocrx_word' id='word_1_141' title='bbox 858 2008 989 2074; x_wconf 88' lang='lat' dir='ltr'>mertem</span> <span class='ocrx_word' id='word_1_142' title='bbox 1010 2006 1133 2091; x_wconf 84' lang='lat' dir='ltr'>flagitat</span> <span class='ocrx_word' id='word_1_143' title='bbox 1153 2006 1214 2079; x_wconf 84' lang='lat' dir='ltr'>ins</span> 
     </span>
     <span class='ocr_line' id='line_1_17' title="bbox 85 2106 1186 2197; baseline 0.005 -28"><span class='ocrx_word' id='word_1_144' title='bbox 85 2106 212 2175; x_wconf 84' lang='lat' dir='ltr'>ultionem</span> <span class='ocrx_word' id='word_1_145' title='bbox 233 2112 350 2197; x_wconf 81' lang='lat' dir='ltr'>gentis,</span> <span class='ocrx_word' id='word_1_146' title='bbox 373 2131 464 2195; x_wconf 83' lang='lat' dir='ltr'>quum</span> <span class='ocrx_word' id='word_1_147' title='bbox 485 2112 638 2194; x_wconf 85' lang='lat' dir='ltr'>perditum</span> <span class='ocrx_word' id='word_1_148' title='bbox 659 2111 803 2194; x_wconf 79' lang='lat' dir='ltr'>cupierat.</span> <span class='ocrx_word' id='word_1_149' title='bbox 827 2112 881 2177; x_wconf 91' lang='lat' dir='ltr'>sed</span> <span class='ocrx_word' id='word_1_150' title='bbox 896 2130 948 2177; x_wconf 89' lang='lat' dir='ltr'>rex</span> <span class='ocrx_word' id='word_1_151' title='bbox 962 2111 1054 2177; x_wconf 85' lang='lat' dir='ltr'>amici</span> <span class='ocrx_word' id='word_1_152' title='bbox 1069 2127 1186 2175; x_wconf 87' lang='lat' dir='ltr'>memor</span> 
     </span>
     <span class='ocr_line' id='line_1_18' title="bbox 83 2210 1183 2299; baseline 0.002 -24"><span class='ocrx_word' id='word_1_153' title='bbox 83 2210 215 2295; x_wconf 84' lang='lat' dir='ltr'>paulisper</span> <span class='ocrx_word' id='word_1_154' title='bbox 238 2215 402 2297; x_wconf 82' lang='lat' dir='ltr'>eunetatus</span> <span class='ocrx_word' id='word_1_155' title='bbox 424 2215 613 2281; x_wconf 86' lang='lat' dir='ltr'>dehberandi</span> <span class='ocrx_word' id='word_1_156' title='bbox 634 2214 736 2299; x_wconf 85' lang='lat' dir='ltr'>gratia</span> <span class='ocrx_word' id='word_1_157' title='bbox 748 2214 905 2281; x_wconf 81' lang='lat' dir='ltr'>medicum</span> <span class='ocrx_word' id='word_1_158' title='bbox 920 2215 1052 2280; x_wconf 82' lang='lat' dir='ltr'>sesessit.</span> <span class='ocrx_word' id='word_1_159' title='bbox 1076 2212 1183 2278; x_wconf 88' lang='lat' dir='ltr'>deinde</span> 
     </span>
     <span class='ocr_line' id='line_1_19' title="bbox 85 2316 1186 2403; baseline -0.003 -20"><span class='ocrx_word' id='word_1_160' title='bbox 85 2330 218 2396; x_wconf 66' lang='lat' dir='ltr'>fqruusm</span> <span class='ocrx_word' id='word_1_161' title='bbox 232 2323 270 2383; x_wconf 78' lang='lat' dir='ltr'>eet</span> <span class='ocrx_word' id='word_1_162' title='bbox 285 2318 368 2383; x_wconf 90' lang='lat' dir='ltr'>uidit</span> <span class='ocrx_word' id='word_1_163' title='bbox 382 2318 484 2383; x_wconf 86' lang='lat' dir='ltr'>Aman</span> <span class='ocrx_word' id='word_1_164' title='bbox 497 2318 620 2403; x_wconf 80' lang='lat' dir='ltr'>reginae</span> <span class='ocrx_word' id='word_1_165' title='bbox 634 2337 734 2403; x_wconf 86' lang='lat' dir='ltr'>genna</span> <span class='ocrx_word' id='word_1_166' title='bbox 748 2318 948 2400; x_wconf 77' lang='lat' dir='ltr'>amplerum,</span> <span class='ocrx_word' id='word_1_167' title='bbox 964 2334 1124 2383; x_wconf 74' lang='lat' dir='ltr'>succensus</span> <span class='ocrx_word' id='word_1_168' title='bbox 1139 2316 1186 2381; x_wconf 86' lang='lat' dir='ltr'>ira</span> 
     </span>
     <span class='ocr_line' id='line_1_20' title="bbox 86 2416 1213 2507; baseline 0.002 -25"><span class='ocrx_word' id='word_1_169' title='bbox 86 2416 109 2478; x_wconf 79' lang='lat' dir='ltr'>et</span> <span class='ocrx_word' id='word_1_170' title='bbox 125 2422 291 2502; x_wconf 84' lang='lat' dir='ltr'>appetitam</span> <span class='ocrx_word' id='word_1_171' title='bbox 304 2422 442 2507; x_wconf 86' lang='lat' dir='ltr'>reginam</span> <span class='ocrx_word' id='word_1_172' title='bbox 456 2422 632 2502; x_wconf 83' lang='lat' dir='ltr'>clamitans,</span> <span class='ocrx_word' id='word_1_173' title='bbox 655 2422 753 2488; x_wconf 83' lang='lat' dir='ltr'>mente</span> <span class='ocrx_word' id='word_1_174' title='bbox 767 2440 838 2487; x_wconf 92' lang='lat' dir='ltr'>eum</span> <span class='ocrx_word' id='word_1_175' title='bbox 853 2420 935 2487; x_wconf 78' lang='lat' dir='ltr'>efflei</span> <span class='ocrx_word' id='word_1_176' title='bbox 950 2420 1044 2485; x_wconf 87' lang='lat' dir='ltr'>iubet.</span> <span class='ocrx_word' id='word_1_177' title='bbox 1066 2422 1097 2485; x_wconf 93' lang='lat' dir='ltr'>et</span> <span class='ocrx_word' id='word_1_178' title='bbox 1116 2421 1213 2499; x_wconf 80' lang='lat' dir='ltr'>tum9</span> 
     </span>
     <span class='ocr_line' id='line_1_21' title="bbox 69 2521 1184 2610; baseline 0 -22"><span class='ocrx_word' id='word_1_179' title='bbox 69 2521 140 2603; x_wconf 78' lang='lat' dir='ltr'>ungi</span> <span class='ocrx_word' id='word_1_180' title='bbox 151 2527 351 2608; x_wconf 77' lang='lat' dir='ltr'>compertum,</span> <span class='ocrx_word' id='word_1_181' title='bbox 373 2544 502 2609; x_wconf 86' lang='lat' dir='ltr'>poenam</span> <span class='ocrx_word' id='word_1_182' title='bbox 522 2526 620 2593; x_wconf 85' lang='lat' dir='ltr'>erneis</span> <span class='ocrx_word' id='word_1_183' title='bbox 634 2546 688 2610; x_wconf 90' lang='lat' dir='ltr'>per</span> <span class='ocrx_word' id='word_1_184' title='bbox 702 2524 805 2591; x_wconf 80' lang='lat' dir='ltr'>Amen</span> <span class='ocrx_word' id='word_1_185' title='bbox 817 2524 1017 2590; x_wconf 84' lang='lat' dir='ltr'>Mardochaee</span> <span class='ocrx_word' id='word_1_186' title='bbox 1036 2524 1184 2607; x_wconf 85' lang='lat' dir='ltr'>paratam.</span> 
     </span>
     <span class='ocr_line' id='line_1_22' title="bbox 88 2619 1186 2714; baseline 0 -21"><span class='ocrx_word' id='word_1_187' title='bbox 88 2619 224 2693; x_wconf 68' lang='lat' dir='ltr'>iiadrnan</span> <span class='ocrx_word' id='word_1_188' title='bbox 238 2630 366 2695; x_wconf 85' lang='lat' dir='ltr'>eaedem</span> <span class='ocrx_word' id='word_1_189' title='bbox 381 2630 463 2695; x_wconf 83' lang='lat' dir='ltr'>eruci</span> <span class='ocrx_word' id='word_1_190' title='bbox 477 2629 625 2714; x_wconf 85' lang='lat' dir='ltr'>affigitur,</span> <span class='ocrx_word' id='word_1_191' title='bbox 640 2629 802 2712; x_wconf 86' lang='lat' dir='ltr'>omniaque</span> <span class='ocrx_word' id='word_1_192' title='bbox 816 2629 894 2695; x_wconf 90' lang='lat' dir='ltr'>bena</span> <span class='ocrx_word' id='word_1_193' title='bbox 908 2628 973 2695; x_wconf 90' lang='lat' dir='ltr'>eius</span> <span class='ocrx_word' id='word_1_194' title='bbox 988 2627 1186 2694; x_wconf 83' lang='lat' dir='ltr'>Mardeehaee</span> 
     </span>
     <span class='ocr_line' id='line_1_23' title="bbox 87 2724 1186 2819; baseline 0.005 -30"><span class='ocrx_word' id='word_1_195' title='bbox 87 2724 143 2793; x_wconf 82' lang='lat' dir='ltr'>aa</span> <span class='ocrx_word' id='word_1_196' title='bbox 155 2730 321 2817; x_wconf 89' lang='lat' dir='ltr'>Iudaeique</span> <span class='ocrx_word' id='word_1_197' title='bbox 342 2734 415 2799; x_wconf 91' lang='lat' dir='ltr'>sunt</span> <span class='ocrx_word' id='word_1_198' title='bbox 435 2733 578 2800; x_wconf 85' lang='lat' dir='ltr'>absoluti</span> <span class='ocrx_word' id='word_1_199' title='bbox 600 2734 780 2799; x_wconf 83' lang='lat' dir='ltr'>Artaxerses</span> <span class='ocrx_word' id='word_1_200' title='bbox 796 2733 937 2819; x_wconf 84' lang='lat' dir='ltr'>regnauit</span> <span class='ocrx_word' id='word_1_201' title='bbox 954 2750 1048 2799; x_wconf 83' lang='lat' dir='ltr'>annes</span> <span class='ocrx_word' id='word_1_202' title='bbox 1063 2733 1139 2799; x_wconf 89' lang='lat' dir='ltr'>dues</span> <span class='ocrx_word' id='word_1_203' title='bbox 1154 2732 1186 2796; x_wconf 92' lang='lat' dir='ltr'>et</span> 
     </span>
     <span class='ocr_line' id='line_1_24' title="bbox 87 2834 605 2920; baseline 0.019 -27"><span class='ocrx_word' id='word_1_204' title='bbox 87 2843 133 2910; x_wconf 78' lang='lat' dir='ltr'>hx,</span> <span class='ocrx_word' id='word_1_205' title='bbox 150 2834 308 2920; x_wconf 91' lang='lat' dir='ltr'>eidemque</span> <span class='ocrx_word' id='word_1_206' title='bbox 328 2835 431 2904; x_wconf 88' lang='lat' dir='ltr'>Oehus</span> <span class='ocrx_word' id='word_1_207' title='bbox 451 2838 605 2904; x_wconf 77' lang='lat' dir='ltr'>suecessit.</span> 
     </span>
     <span class='ocr_line' id='line_1_25' title="bbox 120 2934 1236 3025; baseline 0.005 -26"><span class='ocrx_word' id='word_1_208' title='bbox 120 2934 191 3003; x_wconf 87' lang='lat' dir='ltr'>Huie</span> <span class='ocrx_word' id='word_1_209' title='bbox 211 2959 317 3007; x_wconf 90' lang='lat' dir='ltr'>rerum</span> <span class='ocrx_word' id='word_1_210' title='bbox 331 2941 431 3007; x_wconf 86' lang='lat' dir='ltr'>ordini</span> <span class='ocrx_word' id='word_1_211' title='bbox 445 2942 526 3007; x_wconf 87' lang='lat' dir='ltr'>reete</span> <span class='ocrx_word' id='word_1_212' title='bbox 540 2940 647 3005; x_wconf 91' lang='lat' dir='ltr'>Iudith</span> <span class='ocrx_word' id='word_1_213' title='bbox 661 2943 748 3006; x_wconf 87' lang='lat' dir='ltr'>aetus</span> <span class='ocrx_word' id='word_1_214' title='bbox 761 2958 933 3007; x_wconf 71' lang='lat' dir='ltr'>senseram:</span> <span class='ocrx_word' id='word_1_215' title='bbox 955 2939 1088 3005; x_wconf 84' lang='lat' dir='ltr'>traditur</span> <span class='ocrx_word' id='word_1_216' title='bbox 1102 2936 1184 3005; x_wconf 90' lang='lat' dir='ltr'>enim</span> <span class='ocrx_word' id='word_1_217' title='bbox 1199 2961 1236 3025; x_wconf 74' lang='lat' dir='ltr'>qq</span> 
     </span>
     <span class='ocr_line' id='line_1_26' title="bbox 70 3038 1185 3128; baseline -0.005 -13"><span class='ocrx_word' id='word_1_218' title='bbox 70 3038 143 3115; x_wconf 65' lang='grc'>11111</span> <span class='ocrx_word' id='word_1_219' title='bbox 160 3043 373 3126; x_wconf 75' lang='lat' dir='ltr'>captiuitatem</span> <span class='ocrx_word' id='word_1_220' title='bbox 405 3044 513 3125; x_wconf 86' lang='lat' dir='ltr'>fuisse,</span> <span class='ocrx_word' id='word_1_221' title='bbox 547 3046 600 3110; x_wconf 90' lang='lat' dir='ltr'>sed</span> <span class='ocrx_word' id='word_1_222' title='bbox 627 3044 696 3128; x_wconf 92' lang='lat' dir='ltr'>quis</span> <span class='ocrx_word' id='word_1_223' title='bbox 717 3063 752 3110; x_wconf 86' lang='lat' dir='ltr'>ee</span> <span class='ocrx_word' id='word_1_224' title='bbox 784 3045 920 3127; x_wconf 86' lang='lat' dir='ltr'>tempere</span> <span class='ocrx_word' id='word_1_225' title='bbox 942 3043 1044 3108; x_wconf 90' lang='lat' dir='ltr'>Persis</span> <span class='ocrx_word' id='word_1_226' title='bbox 1076 3062 1185 3128; x_wconf 82' lang='lat' dir='ltr'>regnu·</span> 
     </span>
     <span class='ocr_line' id='line_1_27' title="bbox 90 3141 1187 3233; baseline 0.01 -32"><span class='ocrx_word' id='word_1_227' title='bbox 90 3141 300 3223; x_wconf 73' lang='lat' dir='ltr'>renqhsueria</span> <span class='ocrx_word' id='word_1_228' title='bbox 309 3148 607 3215; x_wconf 87' lang='lat' dir='ltr'>diuinanenedidit.</span> <span class='ocrx_word' id='word_1_229' title='bbox 632 3167 736 3233; x_wconf 85' lang='lat' dir='ltr'>regem</span> <span class='ocrx_word' id='word_1_230' title='bbox 746 3148 864 3227; x_wconf 87' lang='lat' dir='ltr'>tamen,</span> <span class='ocrx_word' id='word_1_231' title='bbox 889 3148 945 3213; x_wconf 91' lang='lat' dir='ltr'>sub</span> <span class='ocrx_word' id='word_1_232' title='bbox 963 3146 1187 3232; x_wconf 85' lang='lat' dir='ltr'>queillagesta</span> 
     </span>
     <span class='ocr_line' id='line_1_28' title="bbox 91 3239 1183 3335; baseline 0.003 -23"><span class='ocrx_word' id='word_1_233' title='bbox 91 3241 148 3325; x_wconf 76' lang='lat' dir='ltr'>hut,</span> <span class='ocrx_word' id='word_1_234' title='bbox 158 3248 432 3320; x_wconf 82' lang='lat' dir='ltr'>Nabuchodonosor</span> <span class='ocrx_word' id='word_1_235' title='bbox 444 3253 608 3335; x_wconf 78' lang='lat' dir='ltr'>nuncupat,</span> <span class='ocrx_word' id='word_1_236' title='bbox 629 3270 690 3317; x_wconf 86' lang='lat' dir='ltr'>nen</span> <span class='ocrx_word' id='word_1_237' title='bbox 711 3239 818 3335; x_wconf 89' lang='lat' dir='ltr'>utique</span> <span class='ocrx_word' id='word_1_238' title='bbox 835 3270 914 3330; x_wconf 82' lang='lat' dir='ltr'>eum,</span> <span class='ocrx_word' id='word_1_239' title='bbox 937 3269 990 3332; x_wconf 88' lang='lat' dir='ltr'>qm</span> <span class='ocrx_word' id='word_1_240' title='bbox 982 3250 1183 3335; x_wconf 86' lang='lat' dir='ltr'>Hierusoly-</span> 
     </span>
     <span class='ocr_line' id='line_1_29' title="bbox 92 3354 1215 3438; baseline 0.002 -20"><span class='ocrx_word' id='word_1_241' title='bbox 92 3362 158 3413; x_wconf 87' lang='lat' dir='ltr'>mam</span> <span class='ocrx_word' id='word_1_242' title='bbox 167 3355 286 3437; x_wconf 77' lang='lat' dir='ltr'>peperit.</span> <span class='ocrx_word' id='word_1_243' title='bbox 294 3357 347 3421; x_wconf 86' lang='lat' dir='ltr'>sed</span> <span class='ocrx_word' id='word_1_244' title='bbox 358 3356 479 3421; x_wconf 89' lang='lat' dir='ltr'>nullum</span> <span class='ocrx_word' id='word_1_245' title='bbox 488 3356 545 3421; x_wconf 88' lang='lat' dir='ltr'>hee</span> <span class='ocrx_word' id='word_1_246' title='bbox 554 3356 675 3420; x_wconf 88' lang='lat' dir='ltr'>nomine</span> <span class='ocrx_word' id='word_1_247' title='bbox 686 3356 755 3438; x_wconf 91' lang='lat' dir='ltr'>pest</span> <span class='ocrx_word' id='word_1_248' title='bbox 764 3354 978 3438; x_wconf 84' lang='lat' dir='ltr'>captiuitatem</span> <span class='ocrx_word' id='word_1_249' title='bbox 990 3355 1071 3437; x_wconf 92' lang='lat' dir='ltr'>apud</span> <span class='ocrx_word' id='word_1_250' title='bbox 1077 3355 1185 3420; x_wconf 88' lang='lat' dir='ltr'>Persas</span> <span class='ocrx_word' id='word_1_251' title='bbox 1198 3378 1215 3431; x_wconf 82' lang='lat'>2</span> 
     </span>
     <span class='ocr_line' id='line_1_30' title="bbox 94 3457 1186 3543; baseline -0.001 -19"><span class='ocrx_word' id='word_1_252' title='bbox 94 3466 210 3533; x_wconf 67' lang='lat' dir='ltr'>regnasse</span> <span class='ocrx_word' id='word_1_253' title='bbox 224 3459 350 3543; x_wconf 85' lang='lat' dir='ltr'>reperio,</span> <span class='ocrx_word' id='word_1_254' title='bbox 364 3459 425 3525; x_wconf 89' lang='lat' dir='ltr'>nisi</span> <span class='ocrx_word' id='word_1_255' title='bbox 439 3480 467 3525; x_wconf 88' lang='lat' dir='ltr'>sr</span> <span class='ocrx_word' id='word_1_256' title='bbox 457 3459 516 3525; x_wconf 92' lang='lat' dir='ltr'>eh</span> <span class='ocrx_word' id='word_1_257' title='bbox 527 3460 674 3542; x_wconf 84' lang='lat' dir='ltr'>inpeteut</span> <span class='ocrx_word' id='word_1_258' title='bbox 665 3479 728 3527; x_wconf 84' lang='lat' dir='ltr'>ram</span> <span class='ocrx_word' id='word_1_259' title='bbox 742 3479 759 3525; x_wconf 90' lang='lat' dir='ltr'>e</span> <span class='ocrx_word' id='word_1_260' title='bbox 759 3457 898 3542; x_wconf 85' lang='lat' dir='ltr'>tpariles</span> <span class='ocrx_word' id='word_1_261' title='bbox 910 3458 1034 3527; x_wconf 81' lang='lat' dir='ltr'>uenatus</span> <span class='ocrx_word' id='word_1_262' title='bbox 1046 3459 1186 3541; x_wconf 89' lang='lat' dir='ltr'>quieum·</span> 
     </span>
    </p>
   </div>
   <div class='ocr_carea' id='block_1_3' title="bbox 177 3646 784 3709">
    <p class='ocr_par' dir='ltr' id='par_1_3' title="bbox 177 3646 784 3709">
     <span class='ocr_line' id='line_1_31' title="bbox 177 3646 784 3709; baseline 0 -6"><span class='ocrx_word' id='word_1_263' title='bbox 177 3646 194 3703; x_wconf 80' lang='lat'><strong>6</strong></span> <span class='ocrx_word' id='word_1_264' title='bbox 209 3648 306 3705; x_wconf 86' lang='lat' dir='ltr'>Esther</span> <span class='ocrx_word' id='word_1_265' title='bbox 317 3650 343 3709; x_wconf 82' lang='lat'>5.</span> <span class='ocrx_word' id='word_1_266' title='bbox 382 3649 417 3705; x_wconf 87' lang='grc'>13</span> <span class='ocrx_word' id='word_1_267' title='bbox 428 3649 524 3703; x_wconf 86' lang='lat' dir='ltr'>Esther</span> <span class='ocrx_word' id='word_1_268' title='bbox 536 3649 562 3706; x_wconf 83' lang='lat'>7.</span> <span class='ocrx_word' id='word_1_269' title='bbox 598 3650 637 3708; x_wconf 89' lang='grc'>24</span> <span class='ocrx_word' id='word_1_270' title='bbox 648 3648 746 3704; x_wconf 85' lang='lat' dir='ltr'>Judith</span> <span class='ocrx_word' id='word_1_271' title='bbox 759 3649 784 3706; x_wconf 92' lang='grc'>1.</span> 
     </span>
    </p>
   </div>
   <div class='ocr_carea' id='block_1_4' title="bbox 100 3788 1190 4401">
    <p class='ocr_par' dir='ltr' id='par_1_4' title="bbox 100 3788 1190 4401">
     <span class='ocr_line' id='line_1_32' title="bbox 135 3788 1188 3873; baseline 0.004 -19"><span class='ocrx_word' id='word_1_272' title='bbox 135 3796 254 3870; x_wconf 77' lang='lat' dir='ltr'>tparata</span> <span class='ocrx_word' id='word_1_273' title='bbox 270 3805 305 3860; x_wconf 84' lang='lat' dir='ltr'>de</span> <span class='ocrx_word' id='word_1_274' title='bbox 321 3806 422 3859; x_wconf 82' lang='lat' dir='ltr'>Prete:</span> <span class='ocrx_word' id='word_1_275' title='bbox 440 3806 519 3873; x_wconf 88' lang='lat' dir='ltr'>paret</span> <span class='ocrx_word' id='word_1_276' title='bbox 535 3805 579 3859; x_wconf 85' lang='lat' dir='ltr'>Ph</span> <span class='ocrx_word' id='word_1_277' title='bbox 607 3806 619 3872; x_wconf 87' lang='grc' dir='ltr'>ΙΙ</span> <span class='ocrx_word' id='word_1_278' title='bbox 646 3804 890 3861; x_wconf 76' lang='lat' dir='ltr'>theerr.1m.</span> <span class='ocrx_word' id='word_1_279' title='bbox 910 3820 944 3859; x_wconf 77' lang='lat' dir='ltr'>ee</span> <span class='ocrx_word' id='word_1_280' title='bbox 961 3788 1025 3860; x_wconf 60' lang='lat' dir='ltr'>dnh:</span> <span class='ocrx_word' id='word_1_281' title='bbox 1043 3802 1188 3859; x_wconf 84' lang='lat' dir='ltr'>Domineh</span> 
     </span>
     <span class='ocr_line' id='line_1_33' title="bbox 137 3883 1188 3961; baseline -0.003 -15"><span class='ocrx_word' id='word_1_282' title='bbox 137 3883 316 3956; x_wconf 68' lang='lat' dir='ltr'>irrumare</span> <span class='ocrx_word' id='word_1_283' title='bbox 368 3891 407 3949; x_wconf 90' lang='lat'>10</span> <span class='ocrx_word' id='word_1_284' title='bbox 417 3892 550 3947; x_wconf 85' lang='lat' dir='ltr'>eeenamb</span> <span class='ocrx_word' id='word_1_285' title='bbox 603 3892 638 3948; x_wconf 91' lang='lat'>11</span> <span class='ocrx_word' id='word_1_286' title='bbox 651 3891 740 3961; x_wconf 84' lang='lat' dir='ltr'>gentis</span> <span class='ocrx_word' id='word_1_287' title='bbox 752 3892 793 3961; x_wconf 86' lang='lat' dir='ltr'>P,</span> <span class='ocrx_word' id='word_1_288' title='bbox 807 3906 853 3946; x_wconf 79' lang='lat' dir='ltr'>eea.</span> <span class='ocrx_word' id='word_1_289' title='bbox 872 3891 1029 3947; x_wconf 73' lang='lat' dir='ltr'>Gelasimus</span> <span class='ocrx_word' id='word_1_290' title='bbox 1082 3891 1118 3947; x_wconf 88' lang='lat'>13</span> <span class='ocrx_word' id='word_1_291' title='bbox 1129 3907 1188 3959; x_wconf 90' lang='lat' dir='ltr'>per-</span> 
     </span>
     <span class='ocr_line' id='line_1_34' title="bbox 100 3965 1190 4049; baseline 0 -19"><span class='ocrx_word' id='word_1_292' title='bbox 100 3965 210 4030; x_wconf 64' lang='lat' dir='ltr'>”iiiemP</span> <span class='ocrx_word' id='word_1_293' title='bbox 262 3978 299 4035; x_wconf 85' lang='grc'>17</span> <span class='ocrx_word' id='word_1_294' title='bbox 311 3980 450 4033; x_wconf 86' lang='lat' dir='ltr'>eunetatnr</span> <span class='ocrx_word' id='word_1_295' title='bbox 462 3977 704 4047; x_wconf 85' lang='lat' dir='ltr'>deliberandiqueb</span> <span class='ocrx_word' id='word_1_296' title='bbox 752 3977 789 4035; x_wconf 90' lang='lat'>18</span> <span class='ocrx_word' id='word_1_297' title='bbox 802 3980 833 4031; x_wconf 92' lang='lat' dir='ltr'>ut</span> <span class='ocrx_word' id='word_1_298' title='bbox 841 3977 912 4032; x_wconf 86' lang='lat' dir='ltr'>uidit</span> <span class='ocrx_word' id='word_1_299' title='bbox 925 3978 1066 4049; x_wconf 70' lang='lat' dir='ltr'>Sipontum</span> <span class='ocrx_word' id='word_1_300' title='bbox 1080 3976 1190 4031; x_wconf 86' lang='lat' dir='ltr'>uiditP</span> 
     </span>
     <span class='ocr_line' id='line_1_35' title="bbox 139 4057 1189 4135; baseline -0.001 -19"><span class='ocrx_word' id='word_1_301' title='bbox 139 4057 171 4115; x_wconf 84' lang='grc'>20</span> <span class='ocrx_word' id='word_1_302' title='bbox 185 4067 343 4135; x_wconf 78' lang='lat' dir='ltr'>eompartum</span> <span class='ocrx_word' id='word_1_303' title='bbox 359 4066 450 4121; x_wconf 83' lang='lat' dir='ltr'>erait</span> <span class='ocrx_word' id='word_1_304' title='bbox 529 4066 567 4123; x_wconf 93' lang='grc'>21</span> <span class='ocrx_word' id='word_1_305' title='bbox 585 4065 674 4133; x_wconf 80' lang='lat' dir='ltr'>eedem</span> <span class='ocrx_word' id='word_1_306' title='bbox 691 4066 732 4122; x_wconf 83' lang='lat' dir='ltr'>P:</span> <span class='ocrx_word' id='word_1_307' title='bbox 750 4064 862 4121; x_wconf 84' lang='lat' dir='ltr'>eidemb</span> <span class='ocrx_word' id='word_1_308' title='bbox 940 4064 979 4122; x_wconf 87' lang='grc'>22</span> <span class='ocrx_word' id='word_1_309' title='bbox 997 4065 1143 4116; x_wconf 84' lang='lat' dir='ltr'>artaxerses</span> <span class='ocrx_word' id='word_1_310' title='bbox 1161 4064 1189 4117; x_wconf 93' lang='lat' dir='ltr'><strong><em>P</em></strong></span> 
     </span>
     <span class='ocr_line' id='line_1_36' title="bbox 140 4143 1189 4223; baseline 0.005 -23"><span class='ocrx_word' id='word_1_311' title='bbox 140 4143 172 4202; x_wconf 82' lang='lat'>23</span> <span class='ocrx_word' id='word_1_312' title='bbox 186 4152 266 4208; x_wconf 83' lang='lat' dir='ltr'>nxP:</span> <span class='ocrx_word' id='word_1_313' title='bbox 277 4167 315 4207; x_wconf 81' lang='grc' dir='ltr'>ιιι,</span> <span class='ocrx_word' id='word_1_314' title='bbox 326 4152 471 4223; x_wconf 60' lang='lat' dir='ltr'>&amp;penum</span> <span class='ocrx_word' id='word_1_315' title='bbox 483 4158 581 4208; x_wconf 73' lang='lat' dir='ltr'>eontra</span> <span class='ocrx_word' id='word_1_316' title='bbox 591 4152 626 4206; x_wconf 84' lang='lat' dir='ltr'>de</span> <span class='ocrx_word' id='word_1_317' title='bbox 637 4154 726 4208; x_wconf 81' lang='lat' dir='ltr'>Prate</span> <span class='ocrx_word' id='word_1_318' title='bbox 737 4160 827 4209; x_wconf 77' lang='lat' dir='ltr'>sereser</span> <span class='ocrx_word' id='word_1_319' title='bbox 838 4154 918 4221; x_wconf 77' lang='lat' dir='ltr'>infra</span> <span class='ocrx_word' id='word_1_320' title='bbox 929 4152 992 4205; x_wconf 91' lang='lat' dir='ltr'>anni</span> <span class='ocrx_word' id='word_1_321' title='bbox 1004 4165 1028 4203; x_wconf 91' lang='lat'>11</span> <span class='ocrx_word' id='word_1_322' title='bbox 1039 4151 1067 4204; x_wconf 85' lang='lat' dir='ltr'>et</span> <span class='ocrx_word' id='word_1_323' title='bbox 1079 4165 1115 4204; x_wconf 86' lang='lat' dir='ltr'>xn</span> <span class='ocrx_word' id='word_1_324' title='bbox 1127 4151 1189 4220; x_wconf 81' lang='lat' dir='ltr'>(pro</span> 
     </span>
     <span class='ocr_line' id='line_1_37' title="bbox 104 4221 1188 4310; baseline 0.002 -18"><span class='ocrx_word' id='word_1_325' title='bbox 104 4221 410 4308; x_wconf 56' lang='lat' dir='ltr'>irrumpentesque</span> <span class='ocrx_word' id='word_1_326' title='bbox 422 4255 477 4294; x_wconf 76' lang='lat' dir='ltr'>ease</span> <span class='ocrx_word' id='word_1_327' title='bbox 521 4239 560 4297; x_wconf 87' lang='grc'>24</span> <span class='ocrx_word' id='word_1_328' title='bbox 572 4240 794 4310; x_wconf 87' lang='lat' dir='ltr'>conseramP</span> <span class='ocrx_word' id='word_1_329' title='bbox 761 4247 794 4296; x_wconf 80' lang='lat' dir='ltr'>ut</span> <span class='ocrx_word' id='word_1_330' title='bbox 802 4242 871 4297; x_wconf 78' lang='lat' dir='ltr'>reat.</span> <span class='ocrx_word' id='word_1_331' title='bbox 881 4239 1016 4295; x_wconf 63' lang='lat' dir='ltr'>Drusum:</span> <span class='ocrx_word' id='word_1_332' title='bbox 1028 4238 1116 4291; x_wconf 87' lang='lat' dir='ltr'>eonier</span> <span class='ocrx_word' id='word_1_333' title='bbox 1116 4238 1188 4294; x_wconf 83' lang='lat' dir='ltr'>amb</span> 
     </span>
     <span class='ocr_line' id='line_1_38' title="bbox 142 4315 1189 4401; baseline 0.011 -26"><span class='ocrx_word' id='word_1_334' title='bbox 142 4315 174 4375; x_wconf 84' lang='grc'>26</span> <span class='ocrx_word' id='word_1_335' title='bbox 188 4326 260 4393; x_wconf 79' lang='lat' dir='ltr'>gesta</span> <span class='ocrx_word' id='word_1_336' title='bbox 277 4328 341 4382; x_wconf 86' lang='lat' dir='ltr'>sunt</span> <span class='ocrx_word' id='word_1_337' title='bbox 356 4326 517 4382; x_wconf 66' lang='lat' dir='ltr'>mantue</span> <span class='ocrx_word' id='word_1_338' title='bbox 533 4327 621 4382; x_wconf 83' lang='lat' dir='ltr'>Preto</span> <span class='ocrx_word' id='word_1_339' title='bbox 671 4328 710 4385; x_wconf 85' lang='grc'>29</span> <span class='ocrx_word' id='word_1_340' title='bbox 728 4332 916 4401; x_wconf 85' lang='lat' dir='ltr'>inpatientiam</span> <span class='ocrx_word' id='word_1_341' title='bbox 932 4331 974 4401; x_wconf 91' lang='lat' dir='ltr'>P,</span> <span class='ocrx_word' id='word_1_342' title='bbox 997 4346 1044 4385; x_wconf 80' lang='lat' dir='ltr'>ere.</span> <span class='ocrx_word' id='word_1_343' title='bbox 1058 4329 1189 4401; x_wconf 67' lang='lat' dir='ltr'>sipontus</span> 
     </span>
    </p>
   </div>
   <div class='ocr_carea' id='block_1_5' title="bbox 113 4397 639 4488">
    <p class='ocr_par' dir='ltr' id='par_1_5' title="bbox 113 4397 639 4488">
     <span class='ocr_line' id='line_1_39' title="bbox 113 4397 639 4488; baseline 0.017 -22"><span class='ocrx_word' id='word_1_344' title='bbox 113 4397 124 4467; x_wconf 86' lang='lat' dir='ltr'>h</span> <span class='ocrx_word' id='word_1_345' title='bbox 140 4406 253 4485; x_wconf 72' lang='lat' dir='ltr'>qhitmq</span> <span class='ocrx_word' id='word_1_346' title='bbox 266 4415 294 4472; x_wconf 93' lang='lat' dir='ltr'><strong><em>P</em></strong></span> <span class='ocrx_word' id='word_1_347' title='bbox 304 4420 331 4473; x_wconf 76' lang='lat' dir='ltr'>et</span> <span class='ocrx_word' id='word_1_348' title='bbox 345 4413 487 4488; x_wconf 62' lang='lat' dir='ltr'>&amp;pontus</span> <span class='ocrx_word' id='word_1_349' title='bbox 505 4417 639 4488; x_wconf 85' lang='lat' dir='ltr'>quieumb</span> 
     </span>
    </p>
   </div>
   <div class='ocr_carea' id='block_1_6' title="bbox 0 0 1531 4984">
    <p class='ocr_par' dir='ltr' id='par_1_6' title="bbox 0 0 1531 4984">
     <span class='ocr_line' id='line_1_40' title="bbox 0 0 1531 4984; baseline 0 0"><span class='ocrx_word' id='word_1_350' title='bbox 0 0 1531 4984; x_wconf 95' lang='lat' dir='ltr'> </span> 
     </span>
    </p>
   </div>
  </div>
 </body>
</html>
