3050 4984
344 323 386 389 86
749 320 890 374 Firmici
912 321 1057 374 Materni

268 519 271 527 ι
343 477 435 544 caret.
459 478 539 541 hunc
559 465 651 541 finem
675 475 780 541 Liberi
794 476 962 555 Homerus,
991 477 1026 540 ut
1047 475 1156 560 fugam
1177 478 1209 541 et
1229 476 1458 559 trepidationem
1515 441 1516 470 ³

344 579 500 663 detegeret
511 579 542 644 et
556 580 592 644 ut
606 578 779 644 ostenderet
794 580 944 658 mortem,
960 580 1025 644 ait:

778 690 942 775 Διώνυσος
963 698 1000 764 δὲ
1021 696 1183 788 φοβηθεὶς

445 790 567 868 δύσεθ’
590 794 671 877 ἁλὸς
692 794 775 866 κατὰ
798 802 891 885 κῦμα·
908 800 1004 879 Θέτις
1026 790 1061 866 δ’
1083 794 1264 881 ὑπεδέξατο
1285 796 1395 887 κόλπῳ
1515 889 1516 894 ¹

445 896 588 971 δειδιότα
601 926 608 939 ·
621 898 772 991 κρατερὸς
792 898 850 989 γὰρ
872 900 942 985 ἔχεν
963 897 1082 990 τρόμος
1103 894 1217 991 ἀνδρὸς
1237 897 1367 991 ὁμοκλῇ.
1480 926 1494 964 s

211 1016 214 1023 ’
313 1026 485 1099 cimitatur
499 1026 546 1105 te,
561 1026 717 1110 Lycurge,
734 1025 766 1089 et
780 1024 917 1089 sobrium
931 1025 1113 1090 institutum
1123 1027 1214 1090 tnum
1230 1025 1368 1107 sequitur
1381 1044 1433 1089 nec
1445 1044 1461 1089 a

343 1129 532 1194 salutaribus
546 1128 610 1192 tuis
624 1128 747 1212 legibus
763 1128 914 1193 exorbitat
931 1128 1026 1193 etiam
1041 1130 1147 1193 consul
1160 1130 1264 1193 noster
1279 1128 1460 1191 Postumius,

342 1250 426 1311 nam,
442 1231 523 1297 sicut
536 1231 569 1295 in
583 1230 673 1296 libris
688 1231 849 1296 usualibus
863 1231 1054 1310 inuenimus,
1065 1230 1341 1296 Bacchanaliorum
1355 1232 1461 1295 scelera

344 1335 479 1400 Aebutio
494 1334 626 1416 quodam
641 1335 835 1400 adulescente
849 1333 1002 1399 deferente
1017 1333 1138 1398 demota
1152 1334 1234 1399 sunt.
1266 1335 1354 1399 erant
1370 1335 1462 1399 adhuc
1515 1345 1516 1356 ¹

343 1438 567 1503 inurbeRoma
577 1437 691 1521 integn'
702 1454 802 1502 mores
812 1456 868 1503 nec
879 1437 1042 1520 quisquam
1053 1438 1229 1522 peregrinas
1238 1438 1462 1520 superstitiones
1470 1460 1494 1499 u

344 1542 504 1607 dissolutis
523 1541 661 1607 moribus
684 1541 856 1623 appetebat.
878 1541 953 1606 tuno
976 1558 1031 1605 nec
1046 1543 1170 1606 senatus
1185 1541 1306 1606 consuli
1321 1541 1462 1623 necleges

345 1647 389 1711 rei
403 1644 544 1727 publicae
564 1662 619 1709 nec
634 1644 741 1710 consul
756 1644 878 1728 legibus
894 1643 1009 1724 defuit,
1030 1645 1083 1709 sed
1103 1644 1302 1727 inuestigatis
1329 1643 1463 1709 omnibus
1515 1655 1516 1734 ,

345 1746 399 1830 qui
408 1747 501 1812 huius
512 1746 590 1811 sacri
602 1746 748 1812 scelerata
759 1748 933 1811 commenta
944 1746 1107 1811 tradebant
1118 1747 1223 1811 eontra
1238 1762 1344 1811 omnes
1355 1763 1463 1823 seuero,
1515 1739 1516 1830 ξ

345 1850 441 1914 immo
452 1850 587 1915 Romano
600 1849 788 1931 quaestionis
803 1849 940 1914 examine
951 1848 1093 1931 capitalis
1108 1850 1205 1932 poena
1220 1848 1257 1913 de
1270 1849 1389 1913 consilii
1401 1866 1464 1912 sen·
1515 1835 1516 1896 l

344 1952 443 2018 tentia
464 1952 584 2018 decreta
599 1953 661 2031 est,
683 1952 819 2017 nectam
840 1952 893 2016 diu
915 1951 1052 2017 uindices
1073 1951 1171 2035 gladii
1192 1952 1326 2023 consulis
1347 1952 1495 2033 cononi-a

346 2055 445 2133 erunt,
461 2073 554 2138 quam
569 2054 623 2119 diu
634 2054 691 2119 hoc
703 2054 822 2119 malum
837 2053 948 2119 fuisset
961 2054 1110 2120 radicitus
1121 2054 1329 2137 amputatum.
1346 2073 1363 2119 ο
1378 2055 1465 2137 digna
1515 2127 1516 2134 χ

345 2157 477 2223 Romani
493 2156 625 2222 nominis
642 2156 882 2223 animaduersio!
909 2176 927 2221 ο
941 2158 1059 2239 priscae
1079 2158 1209 2223 uirtutis
1230 2159 1386 2224 laudanda
1401 2175 1465 2221 con-

346 2260 476 2326 stantia!
491 2279 547 2326 nec
558 2260 677 2325 ciuibus
689 2261 753 2326 suis
766 2260 871 2325 consul
885 2278 1007 2342 parcere
1018 2260 1128 2340 uoluit,
1144 2279 1215 2325 oum
1226 2261 1265 2326 cb
1280 2261 1465 2346 purgandam

244 2364 480 2447 n01.u.patriam
500 2366 504 2447 Ι
523 2364 683 2448 peregrina
698 2362 779 2428 uitia
794 2362 997 2447 corrigtmtur.

317 2469 336 2534 ⁷
390 2465 534 2548 Sequitur
553 2465 632 2531 hanc
652 2466 730 2531 sacri
751 2466 963 2549 contagionem
986 2466 1018 2530 et
1032 2465 1175 2530 imitatur
1195 2466 1336 2531 ordinem
1357 2462 1495 2529 funerisrc

346 2568 486 2634 adorere
500 2568 656 2633 Hennensi
670 2568 800 2634 muliere
821 2585 903 2633 mors
925 2565 1007 2633 filiae
1027 2568 1208 2634 consecrata.
1236 2588 1313 2633 nam
1328 2566 1466 2651 quiequid

344 2673 378 2737 in
390 2670 481 2737 (treta
494 2673 582 2753 pater
596 2671 676 2736 circa
689 2670 791 2735 filiurn
805 2671 928 2749 fecerat,
943 2671 1001 2736 hoc
1014 2671 1116 2736 totum
1131 2670 1221 2736 Ceres
1232 2672 1317 2754 apud
1329 2662 1466 2735 Hennam

345 2774 459 2839 amissa
473 2773 539 2837 filia
554 2772 749 2856 impatientia
771 2774 903 2837 materni
925 2772 1039 2837 doloris
1054 2772 1208 2839 instituit:
1224 2775 1307 2856 quod
1322 2775 1466 2857 quatenus
1515 2783 1516 2786 ’

345 2876 462 2940 factum
474 2876 516 2941 sit
526 2876 613 2939 breui
625 2894 762 2940 sermone
773 2876 989 2960 perstringam.
1002 2876 1125 2941 unicam
1133 2875 1250 2941 Cereris
1260 2877 1371 2955 filiam,
1380 2892 1467 2959 qnam

346 2976 454 3043 Graeci
460 2976 667 3055 Persefonam,
683 2977 781 3042 nostri
795 2978 961 3043 immutato
976 2980 1341 3062 sermonePrcserpinam
1356 2977 1465 3054 dicunt,
1474 2989 1497 3029 ο

344 3080 383 3145 ad
407 3080 565 3165 coniugale
581 3080 769 3145 consortium
784 3080 887 3163 plures
902 3081 1055 3163 petebant.
1083 3083 1183 3147 mater
1197 3082 1334 3147 sollicita
1356 3082 1393 3147 de
1408 3081 1466 3144 sin-
1515 3165 1516 3170 ἵ

345 3182 489 3268 gulorum
501 3182 622 3248 meritis
633 3181 799 3261 iudicabat,
812 3183 843 3248 et
854 3201 925 3247 cum
935 3184 1036 3249 adhuc
1046 3185 1187 3249 omnibus
1198 3185 1310 3249 matris
1322 3182 1468 3250 sententia
1515 3257 1516 3260 Ἴ

345 3286 501 3351 uideretur
516 3285 647 3363 incerta,
662 3283 750 3351 diues
761 3286 909 3365 nudans,
933 3287 983 3352 cui
997 3288 1122 3371 propter
1132 3287 1260 3352 diuitias
1276 3288 1395 3352 Pluton
1410 3285 1467 3349 fuit
1515 3283 1516 3330 ἒ

343 3407 468 3468 nornen,
485 3387 646 3452 temerario
662 3387 840 3470 cupiditatis
865 3388 987 3469 ardore,
1011 3391 1086 3454 cum'
1097 3408 1198 3490 moras
1216 3390 1377 3455 dilationis
1394 3388 1468 3453 ferre
1515 3463 1516 3472 ἵ

449 3591 464 3644 1
482 3590 515 3645 Il.
529 3589 555 3655 6,
570 3589 634 3659 135.

396 3780 455 3832 lut
467 3780 494 3832 ct
505 3777 597 3847 fugam
610 3778 637 3831 et
654 3780 723 3848 trep.¹
741 3780 770 3833 P
843 3780 1050 3837 3ΦΟΒΗΘΙΟ
1059 3783 1193 3837 AYOEN
1202 3783 1230 3837 P
1288 3784 1471 3839 4ΚοΛ1Πω

343 3866 372 3921 P
423 3865 566 3923 5ΕΧΕΝ
573 3864 612 3916 Ρ;
626 3862 670 3933 ἔχε
680 3863 739 3918 edd.
751 3864 804 3932 (ed.
815 3866 906 3933 princ.
920 3882 1018 3921 uersare
1029 3867 1177 3922 admodum
1188 3874 1334 3937 corruptos
1345 3869 1436 3935 uma)
1515 3887 1516 3910 r

396 3951 413 4007 6
432 3950 590 4004 institutum
601 3950 678 4002 tuum
688 3948 726 4003 P:
740 3951 817 4003 tuum
829 3950 988 4006 institutum
997 3952 1057 4007 edd.
1122 3953 1231 4010 olibrii
1241 3956 1279 4008 P:
1292 3954 1370 4008 Liuii
1382 3954 1407 4009 J.
1418 3953 1467 4007 Fr.

348 4037 506 4094 Grououiuc
526 4036 538 4103 Η
557 4032 814 4089 bachanaliornmP
870 4036 983 4093 9bntio
995 4039 1034 4103 P,
1052 4038 1182 4093 Ebutioc
1234 4039 1269 4096 13
1287 4055 1395 4093 seueros
1406 4039 1470 4106 (ser--
1515 4075 1516 4112 ,

342 4140 390 4179 nos
403 4120 713 4193 oimmoromanoslu,
726 4122 911 4176 emBursicu
964 4123 1002 4180 14
1019 4123 1179 4180 eonsiliiP:
1196 4127 1303 4178 senatus
1316 4144 1336 4179 a
1384 4125 1417 4179 17
1429 4139 1469 4177 ro·

341 4210 417 4265 mani
428 4205 529 4261 nomini
541 4205 581 4273 P,
595 4220 641 4259 em.
655 4204 795 4271 Boreae,
808 4206 926 4262 Romano
937 4208 1043 4263 nomine
1055 4226 1073 4262 a
1134 4208 1169 4266 18
1186 4212 1254 4280 cnm]
1267 4212 1363 4265 malim
1374 4211 1436 4264 dum

342 4295 382 4352 22
401 4294 471 4349 circa
482 4292 520 4346 P:
539 4289 572 4343 ob
585 4306 604 4343 c
666 4289 702 4346 23
721 4294 915 4360 qnoquatenus
928 4294 956 4349 P
1019 4293 1057 4351 26
1076 4294 1190 4349 sollicite
1203 4313 1222 4349 a
