3050 4984
237 317 279 380 92
592 396 593 401 ¹
643 315 786 369 Firmici
803 316 950 369 Materni

121 500 228 545 rania,
239 470 310 535 dam
325 471 448 536 cruento
463 490 528 549 ore,
544 471 678 536 cruentis
689 471 832 536 manibus
842 472 1064 554 supplicabant.
1085 472 1089 554 1
1109 472 1364 538 considerandum

238 573 342 655 itaque
357 575 419 653 est,
443 575 532 656 quale
548 574 590 639 sit
609 593 724 639 numen
740 575 821 657 quod
836 575 1027 657 parricidalis
1042 577 1191 655 amentia,
1215 577 1251 641 ut
1264 577 1363 658 parri·

239 675 356 739 cidium
371 677 498 755 celaret,
522 676 651 741 inuenit.

189 793 227 856 12
282 776 473 863 Quapropter
484 780 669 863 quicumque
679 780 755 845 haec
766 797 852 845 sacra
867 780 978 845 deuota
993 782 1095 846 mente
1109 782 1282 861 ueneratur,
1299 782 1364 847 cui-

237 898 367 964 cumque
381 882 482 964 placet
498 884 722 965 superstitionis
737 884 829 948 istius
843 885 1008 950 metuenda
1022 885 1179 969 contagio,
1203 888 1259 952 aut
1272 886 1364 952 malis
1387 914 1401 951 e

236 985 299 1047 suis
319 986 468 1051 solacium
488 987 607 1068 quaerit
628 987 683 1051 aut
705 987 840 1052 facinora
860 1004 964 1051 eorum
979 988 1076 1053 tacita
1091 989 1277 1074 cogitatione
1291 1008 1364 1054 con-

207 1107 211 1116 *
235 1086 341 1153 laudat
355 1088 412 1152 hoc
427 1091 552 1172 optans,
575 1091 632 1155 hoc
647 1110 808 1173 quaerens,
832 1090 889 1155 hoc
903 1091 1012 1173 utique
1034 1109 1217 1176 magnopere
1242 1091 1365 1157 deside-

233 1209 319 1269 rans,
335 1193 371 1255 ut
386 1194 418 1257 et
433 1192 492 1256 sibi
507 1193 599 1257 liceat
610 1194 692 1275 quod
706 1194 767 1258 diis
782 1194 846 1257 suis
860 1193 960 1271 licuit,
977 1196 1013 1258 ut
1029 1195 1060 1258 61
1075 1212 1107 1258 66
1122 1195 1162 1260 ad
1177 1195 1365 1260 consortium

203 1293 306 1358 stalis
321 1294 405 1360 uitae
424 1312 546 1360 morum
567 1296 740 1361 similitudo
758 1297 915 1379 perducat.
939 1296 1091 1361 adulterio
1112 1297 1283 1363 delectatur
1304 1298 1364 1361 ali-

232 1398 316 1478 quis:
340 1398 447 1463 Iouem
461 1398 588 1481 respicit
604 1401 635 1464 et
655 1400 726 1464 inde
747 1399 927 1481 cupiditatis
950 1418 1023 1465 suae
1044 1398 1401 1482 fomentaconquirit210

232 1501 350 1581 probat,
366 1502 508 1566 imitatur
519 1502 550 1565 et
564 1502 671 1567 laudat
686 1502 767 1584 quod
782 1502 856 1567 deus
872 1522 945 1567 suus
959 1503 993 1567 in
1004 1521 1102 1587 cygno
1113 1502 1198 1568 fallit
1228 1504 1261 1567 in
1273 1504 1363 1568 tauro

232 1605 330 1686 rapit,
353 1604 435 1668 ludit
450 1605 483 1669 in
499 1604 601 1688 satyro
616 1606 662 1682 et,
685 1606 722 1669 ut
745 1606 884 1670 liberalis
899 1606 932 1670 in
950 1605 1079 1690 flagitiis
1095 1624 1160 1671 esse
1175 1607 1362 1685 consuescat,

233 1706 315 1787 quod
329 1706 480 1771 inclusam
494 1708 613 1790 regiam
628 1708 783 1791 uirginem
804 1726 876 1772 auro
898 1708 1028 1792 largiter
1048 1708 1163 1779 fluente
1183 1710 1363 1791 corruperit.

231 1827 397 1890 puerorum
411 1810 523 1891 aliquis
540 1810 710 1876 delectatur
725 1812 931 1892 amplexibus:
955 1811 1167 1896 Ganymedem
1181 1813 1214 1876 in
1228 1813 1298 1877 sinu
1313 1812 1364 1876 Io·

192 1951 200 1967 1
234 1912 283 1976 uis
295 1914 429 1995 quaerat,
446 1913 611 1978 Herculem
622 1914 728 1979 uideat
736 1914 853 1997 Hylam
864 1914 1028 1997 inpatienti
1042 1932 1144 1979 amore
1156 1916 1362 1997 quaerentem,
1374 1942 1399 1981 re

235 2016 405 2099 Hyacinthi
421 2017 570 2082 desiderio
586 2018 711 2099 captum
725 2017 903 2099 Apollinem
921 2017 1034 2096 discat,
1051 2016 1257 2101 Chrysippum
1272 2018 1362 2098 alius,

238 2120 317 2185 alius
332 2120 478 2201 Pelopem
492 2120 612 2199 uideat,
635 2120 672 2183 ut
686 2139 740 2202 per
754 2121 826 2185 deos
841 2139 911 2186 snos
927 2121 987 2185 sibi
1006 2121 1098 2185 licere
1119 2120 1202 2185 dicat
1217 2122 1364 2203 quicquid

202 2222 219 2275 3
239 2223 329 2288 hodie
352 2224 544 2288 seuerissime
565 2224 710 2288 Romanis
730 2223 853 2309 legibus
878 2223 1062 2288 uindicatur.
1094 2224 1246 2289 adulteria
1259 2243 1366 2289 eorum

241 2327 343 2391 omnia
369 2346 544 2392 enumerare
568 2326 694 2392 difficile
718 2327 780 2406 est,
812 2327 881 2409 quis
906 2326 1116 2410 Amymonen,
1145 2327 1213 2410 quis
1234 2327 1365 2409 Alopen,

240 2430 310 2512 quis
325 2430 535 2514 Menalippen,
552 2432 621 2512 quis
637 2429 771 2496 Chionen
786 2430 1042 2515 Hippothoenque
1057 2432 1239 2513 corruperit:
1255 2449 1365 2514 nempe
1374 2458 1404 2498 11

241 2533 315 2597 deus
330 2535 432 2599 uester
445 2535 520 2599 haec
534 2533 641 2599 fecisse
656 2534 853 2599 memoratur.
869 2533 933 2612 ille,
948 2552 1040 2615 quem
1051 2533 1161 2597 uolunt
1172 2533 1286 2597 seueris
1297 2550 1365 2597 ora·

241 2638 319 2701 culis
348 2638 517 2703 errantium
545 2636 706 2702 hominum
734 2637 859 2719 peccata
888 2636 1053 2720 corrigere,
1093 2634 1241 2718 Steropen
1270 2636 1364 2713 amat,

240 2739 413 2804 Aethusam
427 2741 519 2821 rapit,
536 2740 709 2821 Zeuxippen
724 2740 856 2821 stuprat,
872 2738 992 2821 quaerit
1000 2739 1153 2802 Prothoen
1168 2740 1200 2803 et
1215 2738 1364 2803 Arsinoae

238 2841 379 2907 adultera
394 2843 563 2925 cupiditate
577 2842 746 2907 blanditur.
770 2843 823 2906 sed
838 2842 949 2907 existo
964 2842 1176 2923 corruptarum
1196 2840 1364 2905 mulierum

237 2963 329 3029 grege
344 2964 405 3009 una
419 2946 522 3027 puella
537 2946 705 3010 amatorem
721 2947 814 3010 deum
835 2948 866 3010 et
883 2945 999 3009 uitauit
1014 2946 1045 3009 et
1059 2944 1155 3009 uicit:
1178 2943 1299 3008 Dafnen
1314 2943 1363 3007 di-
1374 2966 1401 3005 a

121 3066 171 3110 ru.
180 3068 225 3108 111.
236 3050 344 3112 uinans
358 3048 432 3113 dous
444 3048 475 3112 61
486 3047 592 3113 futura
603 3049 779 3130 praedicens
790 3067 845 3113 nec
857 3048 994 3112 inuenire
1005 3047 1107 3129 potuit
1122 3066 1179 3111 166
1197 3047 1361 3129 1111111616.

207 3152 400 3229 4muliebria
414 3151 533 3233 patitur
552 3152 665 3233 aliquis
686 3152 717 3216 61
738 3151 913 3217 effeminato
929 3150 1046 3232 corpori
1061 3148 1210 3214 solacium
1225 3149 1362 3230 quaerit:

237 3255 342 3320 uideat
355 3255 502 3320 liberum
517 3255 648 3320 amatori
662 3273 717 3319 suo
740 3255 810 3336 post
832 3255 963 3318 mortem
984 3254 1080 3317 etiam
1102 3254 1269 3334 promissae
1289 3252 1364 3316 libi-

238 3358 319 3423 dinis
344 3358 482 3440 praemia
505 3357 680 3422 imitatione
705 3357 854 3441 flagitiosi
879 3357 977 3420 coitus
1004 3356 1224 3437 repensantem.
1256 3355 1284 3418 si
1310 3355 1364 3437 qui

237 3462 428 3526 monstruoso
444 3460 624 3543 cupiditatis
639 3459 745 3525 ardore
760 3459 793 3523 in
814 3461 958 3541 paternae
972 3458 1054 3522 necis
1069 3460 1208 3522 armatur
1223 3456 1363 3536 exitium,
1373 3480 1404 3520 eo

238 3587 255 3627 a
269 3565 342 3630 Ioue
357 3566 461 3629 sumat
475 3563 649 3628 exordium:
670 3562 724 3644 qui
738 3563 909 3627 fraternum
924 3561 1078 3625 desiderat
1093 3560 1288 3646 sanguinem,
1305 3558 1364 3624 co-

238 3667 405 3751 rybantum
419 3668 566 3750 sequatur
580 3666 770 3744 institutum,
787 3667 819 3731 et
833 3665 984 3729 incestum
997 3663 1241 3729 desiderantibus
1255 3682 1275 3728 a
1288 3663 1363 3727 Ioue

288 3855 304 3906 1
327 3870 371 3907 ore
392 3854 551 3907 addidimus
616 3852 633 3909 3
658 3852 768 3920 celaret]
788 3852 887 3905 coleret
911 3850 1050 3905 Wowcruo
1113 3849 1149 3907 15
1172 3849 1364 3918 inpatientiam

237 3944 309 3993 more
326 3941 354 3993 P
406 3939 443 3995 16
462 3939 577 4008 apolline
590 3940 618 3992 P
671 3938 707 3994 19
726 3936 787 4005 quis
808 3942 946 3989 amumone
966 3936 1027 4004 quis
1048 3935 1124 4004 alope
1141 3934 1201 4003 quis
1213 3934 1364 4004 menalippe

237 4026 297 4093 quis
311 4025 404 4079 chione
417 4026 444 4079 P
495 4024 534 4081 20
551 4024 746 4094 ippothoenqne
756 4025 796 4087 P,
810 4023 1029 4091 Hippogoemquc
1039 4039 1058 4076 a
1110 4020 1148 4077 23
1165 4021 1320 4090 aethyssarn
1328 4022 1363 4085 P,

237 4127 284 4164 eoo.
301 4111 440 4166 Woweros
460 4112 472 4179 11
492 4111 617 4179 zeuxippe
630 4111 658 4164 P
676 4112 689 4178 11
708 4109 820 4178 protheo
837 4110 898 4177 (sic)
910 4110 938 4161 ct
950 4108 1053 4161 arsinoe
1071 4109 1099 4161 P
1149 4107 1187 4165 25
1205 4107 1311 4161 dafnem
1328 4108 1364 4171 P,

237 4196 376 4265 Daphnem
388 4197 490 4251 enimc
558 4196 596 4253 26
615 4199 737 4264 strupare
750 4195 778 4248 P
846 4186 1176 4263 29¹repraesentantemo
1246 4193 1286 4251 30
1302 4208 1362 4247 mo·

237 4284 341 4335 struoso
354 4283 382 4335 P
433 4282 469 4339 31
489 4285 577 4335 sumat
589 4282 737 4351 exemplum
749 4297 768 4334 a
820 4280 858 4338 32
878 4281 999 4349 sequitur
1011 4281 1040 4335 P
