3050 4984
448 393 616 464 Dialogus
633 393 655 458 1,
674 396 794 455 25-27.
875 350 878 355 Ι
1121 394 1182 461 119

84 541 232 605 noncredit
246 541 404 612 Christum
423 548 485 613 ista
506 550 626 616 dixisse.
650 552 703 617 sod
722 550 875 629 infelices,
898 553 1076 636 degeneres,
1100 566 1211 621 som-6

84 643 193 722 nolenti,
217 665 297 727 quae
310 648 371 731 ipsi
384 648 484 717 facore
497 670 558 717 non
571 657 715 736 possunt,
738 655 821 720 faeta
847 654 885 720 ab
910 655 965 719 illo
990 655 1183 731 erubescunt,

85 747 106 809 et
125 747 238 812 111111
263 750 349 816 illius
373 773 486 838 negare
505 757 638 823 uirtutes
659 778 753 841 quam
774 776 861 823 suam
876 759 1022 823 inertiam
1036 757 1182 823 confiteri.

83 868 170 913 nomm
182 852 271 917 nobis
286 854 326 918 ad
340 856 402 921 alia
414 861 647 941 properantibus
662 863 761 927 omnis
783 862 915 927 istorum
928 862 1077 927 memoria
1092 861 1213 931 rolin-7

71 953 188 1033 squatus:
202 955 239 1019 tn
253 958 372 1038 potins,
388 962 501 1026 utiam
516 963 634 1029 dudum
649 964 803 1043 desidero,
818 965 940 1029 residua
952 964 1080 1029 Martini
1096 982 1186 1047 opera

83 1057 193 1122 eutero.
227 1059 274 1123 At
288 1078 360 1145 ego,
383 1065 523 1146 inquam,
556 1067 689 1132 arbitror
713 1068 827 1133 rectius
851 1068 936 1132 istud
962 1087 980 1132 a
1006 1066 1095 1132 Gallo
1122 1084 1187 1131 osse

82 1161 261 1241 meandum,
285 1166 398 1249 quippe
412 1169 466 1249 qui
480 1169 570 1251 plura
584 1171 704 1235 nouerit
716 1208 757 1217 -
769 1190 867 1253 neque
882 1172 963 1236 enim
978 1171 1118 1254 ignorare
1129 1187 1185 1253 po·
1197 1178 1215 1232 8

82 1264 128 1326 tuit
140 1266 282 1348 magistri
297 1268 381 1335 facta
395 1270 617 1354 discipulus-
633 1274 665 1338 et
681 1274 734 1356 qni
751 1273 818 1359 nonj
827 1274 970 1339 inmerito
981 1275 1076 1339 istam
1086 1273 1188 1338 uicem

82 1383 126 1429 non
138 1369 233 1433 solnm
247 1370 399 1452 blentina,
415 1375 469 1439 sed
484 1376 579 1441 etiam
593 1377 682 1442 nobis
696 1377 821 1456 debeat,
837 1378 909 1459 quia
924 1395 980 1460 ego
995 1378 1058 1441 iam
1072 1377 1189 1441 librum

64 1470 158 1549 aelidi,
179 1473 215 1536 11
229 1474 380 1541 hactonus
395 1476 600 1544 Orientalium
621 1481 709 1564 gesta
728 1481 922 1547 memorasti:
945 1482 1041 1546 istam
1062 1480 1187 1545 demum

84 1577 857 1662 111111111111111111(1111111111,
887 1584 972 1666 quia,
996 1585 1032 1647 ut
1053 1583 1132 1660 dixi,
1156 1584 1187 1647 et

44 1737 45 1742 ,
84 1677 150 1743 nobis
173 1680 266 1747 debet
290 1684 434 1765 loquendi
459 1686 561 1750 uicem
582 1686 613 1751 et
632 1686 851 1765 Mantineam,
875 1688 979 1764 credo,
1002 1684 1182 1769 praestabit,

44 1813 45 1842 r
86 1782 111 1843 nt
121 1800 173 1846 non
186 1786 318 1866 grauate
331 1786 418 1852 illius
433 1787 517 1853 facta
531 1791 757 1854 commemoret.

44 1921 45 2016 1
113 1885 291 1969 Epaphus,
314 1890 416 1971 inquit
430 1888 555 1970 Gallus,
578 1892 653 1957 licet
672 1893 760 1976 inpar
781 1893 841 1957 sim
860 1894 946 1957 tanto
962 1894 1060 1970 oneri,
1083 1894 1188 1956 tamen
1200 1898 1239 1962 21

44 2025 45 2028 =
68 1986 167 2053 arelatis
191 1992 333 2073 superius
360 2013 378 2058 a
404 1992 603 2059 Postumiano
619 1995 829 2061 oboedientiae
849 2014 940 2080 cogor
965 1994 1127 2079 exemplis,
1151 1994 1187 2059 ut

44 2133 45 2152 t
86 2094 286 2173 nunninae,
310 2097 390 2177 quod
410 2097 571 2179 inponitis,
594 2116 654 2164 non
674 2119 821 2164 recusem.
846 2100 899 2165 sed
920 2100 995 2163 dum
1017 2099 1117 2183 cogito
1138 2117 1219 2171 mea

87 2190 215 2260 hominem
240 2196 368 2263 Gallum
394 2200 475 2264 inter
499 2200 671 2283 Aquitanos
696 2203 791 2267 uerba
816 2202 988 2281 facturum,
1016 2220 1123 2267 uereor
1147 2218 1185 2264 no

89 2295 194 2364 olenlat
208 2304 330 2367 uestras
349 2303 483 2368 nimium
502 2305 634 2370 urbanas
659 2324 747 2370 aures
763 2322 862 2370 sermo
877 2305 1029 2369 rusticior.
1053 2303 1186 2368 audietis

44 2427 45 2430 ¹
88 2403 229 2467 notamen
243 2406 281 2469 11
295 2403 505 2471 Gurdonicum
519 2408 690 2488 hominem,
705 2408 785 2472 nihil
800 2427 871 2473 oum
885 2406 954 2473 fuco
970 2408 1024 2472 aut
1039 2406 1186 2471 cothurno

44 2491 45 2522 ³
72 2498 244 2583 nloqmntem.
267 2527 341 2571 nam
368 2509 395 2572 si
419 2510 498 2574 mihi
518 2511 673 2577 tribuistis
693 2511 823 2576 Martini
843 2530 893 2575 mo
908 2529 973 2575 esse
988 2509 1185 2591 discipulum,
1202 2529 1219 2583 3

89 2602 145 2670 11111
168 2610 260 2675 etiam
286 2612 456 2691 concedite,
479 2615 516 2678 ut
540 2614 619 2679 mihi
639 2614 730 2679 liceat
750 2615 887 2698 exemplo
903 2614 988 2679 illius
1002 2614 1106 2678 inanes
1122 2630 1186 2676 ser-

45 2725 46 2756 1
91 2725 189 2775 nonum
202 2712 313 2778 faleras
328 2716 360 2779 et
373 2716 538 2781 uerborum
552 2720 732 2783 ornamenta
746 2720 947 2783 contemnere.
972 2717 1020 2781 Tu
1034 2734 1122 2793 uero,
1138 2715 1187 2779 in·
1203 2729 1222 2783 4

92 2811 140 2887 quit
160 2814 392 2897 Postumianus‚
416 2818 467 2883 uel
492 2818 607 2885 Celtice
632 2822 701 2899 aut,
725 2820 752 2886 si
778 2821 894 2899 mania,
918 2818 1040 2900 Gallice
1056 2818 1192 2901 loquerei

45 2899 46 2924 ¹
95 2911 230 2983 dummodo
256 2921 427 2986 Martinum
452 2922 605 3004 loquaris:
620 2943 676 3007 ego
702 2927 807 2989 autem
832 2924 936 3001 credo,
959 2923 1046 3004 quia,
1071 2923 1180 2987 etiams

75 3017 173 3084 snutus
186 3041 281 3102 esses,
304 3043 364 3088 non
379 3024 522 3091 defutura
537 3028 596 3091 tibi
611 3028 722 3105 uerba,
745 3028 858 3109 quibus
873 3026 1044 3091 Martinum
1058 3024 1189 3090 facundo

95 3121 322 3208 obloquereris,
345 3130 426 3195 sient
451 3130 615 3197 Zachariae
635 3132 668 3195 in
688 3131 833 3195 Iohannis
847 3130 970 3197 nomine
984 3129 1092 3213 lingua
1107 3145 1191 3193 reso-

172 3316 207 3374 26
225 3316 261 3372 ci'
275 3319 340 3372 Luc.
355 3319 380 3382 1,
394 3317 439 3374 63.
460 3317 505 3374 64.

135 3487 147 3541 l
163 3494 315 3548 somnolenti
335 3493 407 3549 AFo
476 3492 493 3549 6
512 3496 540 3547 st
560 3493 689 3562 sulpicius
709 3493 743 3547 ad
764 3508 812 3562 ego
837 3492 864 3547 V
917 3491 934 3547 7
954 3492 1048 3560 qrrijet
1068 3492 1146 3560 plura
1167 3489 1195 3543 A

137 3574 224 3646 9qnia
239 3581 274 3635 V:
292 3580 467 3649 utquialqui
478 3580 619 3648 Fpam.)
636 3579 707 3633 AFo
740 3580 752 3647 {l
785 3582 813 3632 et
834 3594 883 3647 ego
908 3578 934 3631 V
950 3577 1026 3631 baad
1046 3578 1152 3644 inepte,
1170 3576 1196 3628 si

101 3654 177 3715 111111
185 3668 286 3720 amabas
296 3669 325 3720 at
335 3669 368 3719 tu
413 3666 451 3722 10
462 3666 533 3720 edidi
545 3666 607 3719 ΒΜ
611 3666 648 3719 V:
661 3666 763 3719 editum
775 3665 846 3721 AFe
858 3664 952 3732 (habeo
966 3663 1068 3717 editum
1078 3661 1195 3730 Fcorr.)

109 3743 117 3807 t
133 3746 232 3806 blau:
250 3768 280 3806 ac
291 3755 322 3806 tn
334 3752 406 3807 AFv
428 3754 439 3820 Η
462 3753 516 3805 ista
527 3752 607 3820 Fpr.
625 3770 658 3805 m.
725 3752 761 3807 11
781 3751 873 3805 uoluat
895 3750 922 3804 V
988 3750 1025 3806 13
1043 3762 1155 3818 grauare
1172 3745 1201 3799 V

140 3832 171 3889 14
185 3839 210 3890 et
220 3839 307 3907 gallus
319 3855 369 3907 ego
380 3838 458 3908 plane
470 3838 560 3907 inquit
576 3839 602 3893 V
615 3840 627 3906 ΙΙ
643 3838 736 3892 honori
747 3840 838 3891 111111
848 3837 977 3907 praelatis
994 3837 1020 3890 V
1071 3833 1107 3890 16
1122 3830 1196 3885 istud

105 3926 139 3969 111
149 3919 174 3971 F
178 3939 218 3989 pr.
230 3941 263 3979 m.
317 3925 354 3981 19
372 3924 546 3993 gurdonicum
557 3924 624 3978 AF:
642 3924 828 3993 gonthonicum
844 3924 878 3987 V,
897 3922 1065 3993 gortonicnm
1076 3920 1121 3975 uel
1133 3935 1196 3987 gur·

104 4000 196 4061 1111111
214 4012 316 4080 aliquot
341 4010 421 4064 Geel.
444 4011 520 4079 labri,
538 4011 709 4079 gorgonicnm
721 4011 786 4064 ΒΜ
804 4012 816 4079 {l
838 4012 947 4063 coturno
958 4008 1044 4061 AFV
1091 4004 1130 4062 20
1146 4004 1198 4058 tri·

106 4082 385 4153 immensissimas
393 4097 466 4153 AFo
511 4097 550 4153 22
562 4097 659 4151 faleras
671 4097 766 4151 AFV:
778 4096 902 4166 phaleras
914 4112 930 4149 o
947 4096 959 4162 ΙΙ
976 4095 1004 4148 et
1011 4092 1197 4162 postumianus

107 4171 184 4233 tenero
192 4183 279 4253 inquid
293 4185 320 4239 V
341 4197 345 4206 “
367 4185 406 4241 24
422 4184 561 4238 dummodo
575 4183 642 4237 BV:
661 4182 800 4238 dummodo
812 4184 867 4236 iam
884 4181 955 4235 AFo
975 4180 987 4247 ΙΙ
1007 4178 1039 4232 de
1050 4177 1197 4231 martinum

109 4255 171 4321 l-no
181 4284 241 4324 corr.
253 4289 286 4326 m.
299 4273 330 4340 2)
345 4272 372 4326 V
383 4274 395 4339 Η
413 4270 489 4324 credo
502 4271 571 4324 BV:
583 4269 708 4339 profiteor
719 4269 791 4323 AFo
842 4267 880 4326 25
898 4268 985 4319 motus
995 4264 1022 4318 V
1042 4265 1054 4332 11
1075 4263 1199 4331 quamuis

110 4347 209 4408 eminio
216 4372 258 4411 ore
265 4358 383 4428 loquaris
393 4357 456 4412 ΒΜ
462 4356 602 4427 (eoolbem
617 4356 654 4425 V,
667 4361 699 4410 at
708 4356 749 4409 111
759 4354 792 4409 do
801 4352 899 4423 Proto)
951 4350 989 4407 26
1008 4349 1158 4405 zacchariae
1175 4350 1205 4405 V

937 4438 995 4504 12*
