3050 4984
316 376 357 440 10
733 374 878 427 Minucii
894 374 1022 430 Felicis

315 527 417 594 adhuc
432 528 597 594 ferociente
605 529 740 593 'uictoria
750 530 878 594 numina
892 530 977 595 uicta
991 530 1192 609 uenerantur,
1214 532 1289 595 dum
1307 528 1440 609 undique

317 631 452 712 hospites
468 632 538 696 deos
553 632 707 713 quaerunt
718 634 749 696 et
770 650 841 695 suos
856 631 988 710 faciunt,
1010 634 1085 697 dam
1100 652 1169 698 aras
1185 634 1330 697 extruunt
1344 631 1441 695 16161-

285 734 389 801 edum
405 736 502 799 etiam
517 735 634 817 ignotis
648 735 827 799 numinibus
843 737 875 799 61
888 735 1042 799 manibus.
1075 736 1119 801 sic
1139 737 1214 801 dum
1229 735 1442 800 uniuersarum

316 837 456 922 gentium
477 856 563 902 sacra
585 838 773 919 suscipiant,
795 838 891 903 611616
912 858 1008 923 regna
1025 841 1212 904 meruerunt.
1242 838 1314 902 11166
1334 853 1441 919 perpe·

201 981 203 986 -
314 941 387 1005 tuus
402 940 605 1006 uenerationis
620 942 706 1005 tenor
721 941 854 1020 mansit,
871 940 1466 1025 1166616616661616666111111611161,1

315 1044 368 1109 sed
388 1046 534 1127 augetur:
558 1044 670 1127 quippe
692 1044 861 1125 antiquitas
885 1044 1076 1109 caerimoniis
1104 1047 1196 1127 atque
1218 1044 1298 1110 fanis
1319 1042 1442 1107 tantum

314 1146 486 1211 sanci'tatis
501 1147 636 1211 tribuere
652 1148 811 1211 consueuit
825 1149 975 1229 quantum
990 1148 1178 1213 adstruxerit
1192 1146 1371 1211 uetustatis.

284 1254 302 1317 7
355 1248 420 1314 1166
439 1250 544 1313 tamen
566 1249 681 1313 temere
703 1250 817 1333 (ausim
837 1250 920 1315 enim
939 1251 1064 1315 interim
1087 1252 1118 1315 et
1143 1251 1208 1332 ipse
1229 1249 1391 1315 concedere
1411 1247 1441 1310 et

315 1351 359 1417 sic
380 1351 492 1416 melius
512 1352 624 1436 errare)
655 1353 786 1417 maiores
807 1354 905 1417 nostri
925 1355 980 1417 aut
1000 1353 1198 1418 obseruandis
1221 1352 1361 1436 auguriis
1388 1350 1441 1415 aut

315 1455 392 1519 extis
409 1455 603 1519 consulendis
619 1458 674 1519 aut
693 1455 894 1520 instituendis
915 1456 1010 1520 sacris
1041 1458 1095 1520 aut
1110 1456 1245 1521 delubris
1267 1452 1441 1519 dedicandis
1449 1472 1474 1511 6

286 1561 654 1641 166616666666611161.
678 1559 783 1642 specta
797 1559 835 1624 de
849 1559 939 1624 libris
954 1560 1150 1624 memoriam:
1180 1560 1244 1623 iam
1265 1576 1315 1622 eos
1337 1556 1441 1637 depre-

314 1652 832 1727 116611661611166661116661661166
852 1662 1053 1746 religionum,
1074 1662 1126 1726 uel
1145 1662 1181 1725 ut
1196 1660 1442 1725 remuneraretur
1506 1649 1511 1658 ’

315 1765 421 1830 diuina
435 1765 640 1849 indulgentia,
657 1764 708 1829 uel
729 1765 766 1828 ut
781 1766 973 1829 auerteretur
987 1764 1153 1833 imminens
1174 1764 1221 1827 ira
1241 1763 1296 1827 661
1315 1760 1408 1825 iamt
1429 1794 1442 1804 -

286 1876 401 1933 3mens
423 1870 454 1932 et
475 1867 612 1932 66661666
637 1868 818 1960 placaretur.
848 1868 938 1931 testis
959 1869 1060 1931 mater
1086 1867 1193 1944 Idaea,
1215 1884 1292 1947 quae
1307 1862 1442 1928 aduentu

316 1989 370 2037 suo
386 1972 417 2035 61
431 1972 575 2054 probauit
595 1972 753 2035 matronae
774 1969 951 2035 castitatem
972 1971 1004 2034 61
1018 1970 1126 2034 urbem
1140 1970 1228 2034 metu
1241 1967 1350 2033 hostili
1364 1966 1442 2030 libe·
1453 1981 1476 2020 1⁵

316 2074 417 2138 rauit:
446 2076 541 2138 testes
563 2073 751 2155 equestrium
775 2072 908 2138 fratrum
929 2074 961 2138 in
976 2074 1061 2151 lacu,
1086 2073 1167 2138 sicut
1187 2092 1218 2136 66
1238 2068 1442 2145 ostenderant,

316 2178 436 2243 statuae
457 2178 664 2254 consecratae,
688 2176 742 2258 qui
758 2176 860 2241 anheli
876 2177 1092 2259 spumantibus
1109 2175 1194 2257 equis
1213 2176 1305 2257 atque
1320 2173 1442 2238 1111666-

314 2280 400 2345 tibus
416 2280 453 2344 de
468 2280 559 2345 Perse
574 2280 738 2345 uictoriam
763 2280 869 2344 eadem
893 2280 942 2343 die
968 2298 1028 2360 qua
1050 2279 1185 2343 fecerant
1202 2274 1439 2342 nuntiauerant:

315 2385 404 2449 testis
424 2384 568 2449 ludorum
595 2383 701 2448 offensi
724 2383 809 2448 Iouis
833 2383 871 2447 de
895 2382 1013 2447 somnio
1033 2382 1132 2466 plebei
1153 2381 1286 2446 hominis
1301 2377 1439 2452 iteratim

316 2488 347 2552 61
361 2487 527 2552 Deciorum
550 2488 672 2563 deuotio
693 2489 762 2553 rata
786 2488 876 2552 testis
899 2489 963 2552 est:
979 2487 1069 2551 testis
1084 2488 1116 2551 61
1130 2485 1264 2563 Curtius,
1286 2484 1339 2567 qni
1356 2481 1441 2565 equi·

311 2714 314 2719 ‘
350 2708 609 2764 216161166611661
621 2708 780 2762 Η61611166.·
799 2708 862 2761 dnm
875 2708 958 2761 etiam
970 2708 1011 2772 P,
1030 2708 1140 2760 etiamr
1181 2708 1237 2763 3et
1245 2704 1372 2758 inanibus
1384 2704 1441 2756 He·

314 2793 1173 2863 1616166,·61616111116617666616611666116661666666116161
1215 2792 1440 2845 imerneruntr:
1509 2813 1510 2858 l

226 2863 229 2875 ¹
313 2881 420 2931 merant
432 2878 467 2945 P,
486 2878 741 2943 merentDauisius,
760 2880 879 2933 inierunt
896 2881 1038 2933 Meursius
1057 2881 1069 2947 11
1088 2879 1160 2931 hier
1209 2880 1307 2945 hquae
1323 2877 1440 2931 Vsener:

316 2963 363 3031 qui
368 2964 411 3017 Pr
435 2963 463 3021 ,6
476 2964 626 3032 antiquitus
637 2966 739 3019 Vsener
756 2967 768 3032 11
785 2965 935 3019 cerimoniis
948 2966 990 3018 Pr
1043 2965 1060 3019 7
1071 2964 1247 3017 adstruxserit
1259 2966 1286 3018 P
1298 2979 1367 3017 corr.
1380 2968 1396 3015 1
1407 2978 1439 3014 m.
1509 2971 1510 2974 ’

315 3064 349 3102 en
355 3048 536 3114 adsumserit,
556 3050 724 3103 abstraxerat
736 3067 763 3115 1,
783 3050 952 3104 adstruxerat
968 3050 1099 3104 Gelenius
1103 3071 1113 3118 ‚·
1132 3051 1190 3118 ipse
1201 3051 1295 3104 malim
1306 3048 1439 3102 adstruxit

315 3134 334 3191 8
347 3134 375 3187 id
387 3134 444 3203 ipse
457 3135 550 3189 Voncb
564 3136 650 3189 Lecti.
665 3137 710 3190 161.
720 3153 749 3204 p.
762 3140 798 3190 53
814 3140 826 3205 11
842 3136 980 3189 concedere
993 3153 1049 3189 6666
1061 3136 1157 3189 melius
1167 3136 1286 3189 Vrsinus
1325 3135 1343 3191 9
1356 3132 1441 3188 nostri

314 3221 346 3273 ut
358 3218 530 3273 obseruandis
540 3222 582 3274 Pr
636 3222 671 3278 11
685 3221 716 3275 de
726 3222 805 3276 libris
815 3223 872 3275 Pr:
884 3222 1015 3276 librorum
1024 3222 1051 3275 J.
1062 3222 1112 3275 Fr.
1129 3221 1289 3275 Gronauius
1298 3220 1348 3289 (611
1356 3219 1441 3275 Statii

317 3305 385 3360 Situ.
401 3307 449 3373 56)
455 3326 465 3373 ;
482 3307 645 3375 Wopkensio
658 3314 707 3361 aut
719 3308 750 3360 de
763 3307 807 3359 his
819 3307 898 3361 rebus
911 3307 1104 3376 corripendum
1116 3313 1166 3360 661
1177 3307 1210 3360 de
1221 3307 1301 3360 libris
1313 3311 1344 3360 ut
1357 3306 1439 3359 611116-

315 3393 434 3462 praplu'a
458 3408 491 3447 eu
511 3394 692 3461 praecedente
714 3393 833 3447 delubris
856 3394 1003 3448 delendum
1021 3394 1171 3449 uidebatur
1198 3395 1210 3461 ΙΙ
1237 3392 1393 3446 memoriam
1409 3407 1438 3443 r:

317 3478 445 3532 memoria
457 3478 495 3543 P,
514 3479 655 3532 memorias
676 3480 818 3547 Ripaltiae
872 3479 908 3535 13
927 3482 975 3533 661
986 3481 1041 3535 iam
1053 3481 1081 3534 P
1100 3479 1177 3548 (add.
1196 3480 1389 3548 616111661
1409 3478 1439 3529 61

315 3564 398 3619 16161·
411 3570 437 3617 61
450 3564 509 3617 edd.
559 3564 597 3620 14
614 3564 695 3617 ldeee
711 3565 843 3618 Vrsinus:
863 3565 1118 3634 116616611661Ρ,
1131 3565 1180 3619 dea
1191 3581 1207 3617 r
1255 3565 1291 3621 16
1305 3565 1438 3632 equestres

315 3650 467 3704 Heumann
484 3652 495 3717 11
512 3650 541 3703 16
553 3650 613 3704 1666
625 3650 675 3703 aar.
690 3650 768 3718 Gasp.
780 3652 870 3705 Barth
892 3652 1021 3719 (Aduers.
1033 3655 1079 3720 43,
1091 3653 1141 3718 25)
1158 3652 1170 3717 ΙΙ
1187 3651 1257 3703 61661
1268 3666 1296 3703 66
1305 3650 1437 3703 Vrsinus:

315 3736 360 3789 sie*
372 3737 405 3799 P,
418 3735 465 3789 sed
478 3737 535 3789 616
547 3751 614 3798 raa,
629 3752 656 3788 se
668 3737 699 3788 ut
712 3735 846 3801 Semper,
865 3752 892 3789 66
905 3737 975 3790 61661
991 3736 1088 3791 061161
1135 3736 1172 3792 11
1183 3736 1276 3788 anheli
1293 3736 1437 3789 Gelenius:

314 3821 969 3890 61166116,6111116166111161616
997 3822 1134 3877 cesarem
1155 3809 1182 3875 a
1202 3822 1338 3875 Pollucem
1357 3820 1439 3873 fuisse

314 3906 445 3961 creditum
467 3906 579 3975 uolgo..
610 3906 798 3960 aMacedonia
818 3907 935 3972 uenisse,
967 3907 1036 3976 quod
1063 3908 1148 3961 adhuc
1175 3907 1332 3960 anhelarent
1352 3912 1399 3960 etc.

317 3991 354 4049 18
372 4008 464 4061 persae
477 3992 504 4045 P
526 3993 537 4059 ΙΙ
561 4007 613 4059 qua
626 3991 747 4045 uicerant
759 3992 914 4057 Meursins,
934 3999 963 4047 at
975 4010 1002 4046 u.
1019 3994 1157 4061 Wopkens
1176 3994 1208 4047 in
1229 3994 1309 4046 Misc.
1332 3992 1390 4047 Oba.
1409 3990 1439 4043 X

311 4094 340 4146 p.
354 4082 388 4131 19
405 4080 417 4146 11
434 4078 628 4131 nunciauerunt
640 4077 696 4131 P¹r
749 4077 786 4133 19
804 4078 897 4131 offensi
908 4078 982 4131 Iouis
994 4078 1150 4147 Ripaltius:
1169 4078 1277 4131 offensio
1301 4078 1369 4131 iouis
1388 4077 1436 4140 Pr,
1509 4127 1510 4134 ,

315 4163 413 4216 offenso
431 4164 495 4217 1666
517 4163 647 4217 Gelenius
670 4165 681 4231 ΙΙ
705 4163 806 4216 somnio
828 4163 973 4217 Gelenius:
987 4180 1087 4218 somno
1103 4168 1144 4218 Pr
1169 4165 1182 4231 11
1204 4163 1291 4232 plebei
1303 4166 1357 4217 Pr:
1383 4161 1437 4231 ple-

315 4248 371 4302 beii
396 4250 481 4317 uulpo
504 4251 515 4317 ΙΙ
538 4248 636 4301 1161616
660 4264 676 4301 1
728 4248 923 4303 aeneatorum
947 4265 977 4302 r:
1003 4249 1168 4303 decuriorum
1189 4250 1231 4317 P;
1254 4250 1332 4304 nobie
1354 4254 1437 4301 totum

316 4335 401 4397 66166,
421 4349 474 4400 quo
486 4350 567 4403 aepre
579 4334 751 4402 repetitionis
762 4334 857 4402 16616
877 4335 1104 4402 interrumpitur,
1132 4341 1164 4389 at
1184 4336 1314 4403 plassema
1330 4347 1435 4401 suspec-

316 4424 373 4471 tum
393 4424 431 4471 est
454 4421 465 4485 ΙΙ
489 4419 550 4486 equi
573 4421 724 4488 Woroerus,
743 4419 813 4487 equi'
825 4422 853 4473 61
872 4420 914 4473 661
927 4421 1056 4474 Bursian
1068 4420 1126 4494 (qui
1138 4436 1218 4488 eques
1230 4420 1272 4473 sui
1284 4420 1348 4473 olim
1360 4417 1435 4471 deuo·
