3050 4984
310 368 373 433 222
779 360 958 431 Appendix.

277 535 296 591 5
348 525 418 584 Post
432 525 508 583 hunc
521 522 649 583 adstabit
663 521 768 598 dignus
782 521 897 581 Domini
911 521 956 580 sui
970 520 1064 581 Dauid
1080 520 1202 581 semiue:
1224 508 1296 595 ‘Ego
1311 522 1359 593 te,
1375 520 1437 579 Do-

306 628 397 701 mine,
420 627 586 701 peremnia
608 625 757 698 nuntiaui,
791 642 842 699 ego
863 624 971 685 nomini
985 625 1035 683 tuo
1049 626 1163 683 tantum
1178 623 1357 683 seruiendum
1372 638 1439 683 esse

306 730 444 791 clamauit
467 728 593 804 egodixi
620 716 760 788 ‘beatos
782 728 839 787 uir
860 727 916 802 qui
938 727 1049 786 timet
1069 710 1287 799 Dominum,
1310 726 1440 801 egodixi

306 821 548 893 ‘exultabunt
569 831 696 891 sancti
717 831 753 891 in
775 815 926 905 gloria',
950 830 1076 905 ogodixi
1095 818 1335 889 ‘desiderium
1357 845 1440 903 peo-

307 938 475 996 catorom
496 919 667 1009 peribit',
690 936 724 993 ut
743 934 795 993 isti
823 936 852 993 te
872 936 1058 1008 agnoscerent
1077 936 1105 993 et
1125 950 1239 1009 peccare
1266 932 1438 993 desinerent.
1469 946 1483 984 ⁵

307 1057 360 1114 ego
374 1056 439 1099 cnm
453 1038 533 1113 regie
547 1037 693 1111 praeditus
707 1054 799 1097 essem
821 1038 977 1111 potestate,
1001 1036 1093 1097 cilicio
1114 1038 1288 1110 superiecto,
1319 1036 1441 1109 puluere

308 1142 452 1215 subiecto,
475 1140 613 1214 depositis
641 1140 805 1215 insignibus
833 1140 1061 1214 magnificentiae
1090 1157 1168 1199 meae
1191 1138 1326 1211 procubui
1346 1138 1441 1197 uesti-

309 1244 428 1317 mentis,
451 1246 486 1303 ut
500 1244 565 1302 istis
580 1241 814 1323 mansuetudinis
835 1244 921 1316 atque
943 1243 1117 1304 humilitatis
1138 1244 1254 1302 daretm
1267 1241 1439 1315 exemplum.

310 1365 362 1422 ego
376 1346 501 1406 inimicis
515 1346 602 1419 meis,
625 1346 676 1421 qui
690 1345 849 1405 interficere
864 1362 909 1404 me
924 1346 1092 1419 cupierunt,
1115 1345 1246 1419 peperci,
1270 1347 1303 1402 ut
1324 1343 1439 1403 miseri-

309 1451 433 1510 cordiam
447 1466 539 1509 meam
552 1448 604 1508 isti
617 1450 735 1523 probare
756 1451 770 1508 t
784 1434 972 1507 imitandam'.
988 1450 1058 1507 Post
1072 1449 1148 1507 hunc
1161 1448 1252 1507 Isaias
1267 1446 1370 1521 dignus
1384 1446 1441 1505 Dei
1453 1458 1484 1499 ιο

309 1554 414 1628 spiritu
439 1569 495 1613 non
516 1552 632 1610 tacebit.
653 1540 740 1626 (1120,
763 1551 898 1624 Domine,
921 1554 1021 1626 tepor
1042 1569 1073 1610 or
1090 1567 1183 1610 meum
1202 1551 1335 1625 loquente
1354 1566 1441 1623 prae-

309 1655 407 1715 monui
441 1643 517 1713 ‘uae
543 1654 592 1713 iis
619 1654 683 1728 qni
703 1654 866 1728 iungunt
887 1655 1026 1713 domum
1054 1654 1093 1712 ad
1120 1636 1284 1725 domum’,
1319 1653 1352 1710 ut
1377 1669 1441 1711 mo-

309 1760 379 1817 dum
393 1757 545 1830 cupiditati
559 1757 731 1831 inponerem.
747 1773 799 1831 ego
814 1756 887 1815 iram
902 1759 982 1815 tuam
997 1756 1179 1829 peccantibus
1190 1756 1303 1815 uenisse
1315 1756 1442 1814 testatus

311 1877 392 1932 sum,
415 1862 449 1918 nt
463 1859 535 1920 istos
549 1877 567 1917 a
582 1858 742 1918 malefactis
756 1859 818 1917 suis
833 1859 858 1917 si
873 1876 929 1918 non
944 1871 1008 1932 spes
1023 1860 1228 1933 praemiorum,
1252 1858 1349 1917 saltim
1370 1875 1440 1932 sup·

312 1963 462 2037 plioiorum
477 1961 596 2022 formido
611 1948 774 2021 cohiberet'.
1454 1978 1485 2017 re

284 2072 303 2127 6
354 2066 425 2124 Post
449 2065 502 2123 hos
522 2064 649 2138 aliosque
678 2065 842 2138 conplures,
865 2064 916 2139 qui
938 2064 1081 2123 doctrinae
1101 2066 1183 2123 nobis
1204 2064 1299 2123 officia
1318 2063 1444 2137 praesti-

312 2170 419 2240 terunt,
435 2167 497 2241 ipse
510 2167 564 2226 Dei
578 2167 656 2225 filius
669 2167 739 2226 haec
753 2168 900 2241 loquetur:
924 2154 996 2242 ‘Ego
1010 2169 1085 2227 certe
1100 2168 1210 2226 excelsa
1225 2168 1289 2227 sede
1300 2166 1443 2239 sublimis,

313 2272 423 2331 caelum
451 2271 563 2344 palma,
586 2272 692 2334 terram
719 2270 830 2345 pugillo
852 2270 1016 2343 continens,
1039 2271 1117 2329 intra
1146 2272 1281 2345 extroque
1310 2269 1442 2343 diffusus,

312 2377 477 2433 cunctorum
500 2390 572 2447 quae
597 2373 756 2448 gignuntur
779 2374 899 2433 interior
926 2376 1012 2449 atque
1035 2373 1166 2433 omnibus
1191 2391 1263 2447 quae
1292 2373 1444 2433 mouentur

313 2477 454 2550 exterior,
490 2476 729 2549 inaestimabilis,
767 2478 886 2535 naturae
915 2479 1057 2551 potestate
1093 2477 1242 2549 infinitus,
1285 2475 1485 2535 inuisibilisao

314 2582 445 2654 aspectu,
469 2579 762 2651 incomprehensibilis
778 2580 909 2652 adtactu,
932 2582 966 2637 ut
981 2579 1057 2638 inter
1071 2597 1122 2639 uor
1137 2581 1174 2639 ad
1189 2580 1371 2639 edomandam
1385 2579 1441 2637 du-

315 2683 411 2741 ritiam
444 2681 536 2740 cordis
565 2680 657 2739 uestri
679 2682 708 2739 et
729 2680 878 2753 perfidiam
900 2682 1036 2741 doctrinis
1057 2683 1232 2741 salutaribus
1259 2682 1443 2741 molliendam

315 2786 443 2843 uestrum
474 2783 608 2841 minimus
630 2782 794 2855 existerem,
817 2783 896 2842 nasci
919 2802 1002 2843 carne
1023 2785 1159 2859 dignatus
1174 2803 1236 2844 sum
1257 2784 1445 2858 depositaque

316 2887 369 2945 Dei
383 2886 475 2961 gloria
489 2884 619 2944 hobitum
634 2884 741 2944 formae
755 2886 871 2946 seruilis
887 2888 1047 2961 adsumpsi,
1071 2890 1105 2947 ut
1124 2887 1330 2947 communicate
1344 2886 1446 2946 uobis-

316 3006 381 3048 cum
395 2987 562 3046 infirmitate
576 3004 717 3061 corporea,
733 3006 847 3047 rursum
862 2989 892 3047 in
908 2991 1080 3049 consortium
1094 2990 1203 3065 gloriae
1217 3008 1296 3049 meae
1310 3007 1361 3063 per
1376 2990 1446 3049 obe·
1458 3005 1489 3047 as

317 3090 454 3150 dientiam
482 3090 626 3164 praeoepti
655 3090 759 3150 salutis
788 3092 960 3153 adhiberem.
984 3094 1078 3167 aegris
1107 3094 1283 3168 infirmisque
1313 3093 1459 3153 omnibus.

318 3194 485 3266 sanitatem,
507 3193 638 3253 auditum
667 3194 776 3268 surdis,
806 3196 901 3255 uisum
930 3196 1035 3269 caecis,
1067 3214 1164 3255 uocem
1190 3197 1295 3269 mutis,
1333 3196 1449 3255 claudis

318 3298 420 3371 pedum
434 3296 528 3355 officia
542 3296 670 3369 restitui,
694 3299 727 3356 ut
740 3315 793 3357 uos
808 3298 898 3373 signis
913 3299 1082 3358 caelestibus
1097 3316 1305 3373 pormouerem,
1328 3316 1383 3373 quo
1400 3299 1448 3357 fa-

318 3400 402 3460 cilius
418 3399 449 3459 in
463 3401 607 3474 meatque
628 3400 723 3473 iniis,
748 3418 820 3476 quae
836 3402 1082 3476 praedicaueram,
1106 3403 1265 3461 crederetis.
1296 3419 1347 3476 ego
1362 3402 1449 3460 uobis

318 3504 460 3563 caelorum
473 3520 562 3577 regna
576 3504 707 3576 promisi,
730 3521 782 3578 ego
798 3504 900 3579 etiam,
923 3508 956 3563 nt
985 3506 1156 3579 inpunitatis
1182 3505 1325 3564 haberetis
1350 3520 1448 3563 exem·
1462 3526 1492 3567 eo

319 3608 413 3682 plum,
436 3606 593 3678 latronem,
609 3606 661 3680 qni
675 3623 719 3665 me
734 3608 787 3667 sub
802 3608 902 3667 mortis
917 3626 985 3667 suae
999 3610 1124 3681 tempore
1139 3607 1298 3681 fatebatur,
1314 3608 1345 3666 in
1360 3624 1450 3681 para-

320 3712 381 3771 diso
396 3708 547 3781 collocani,
571 3710 604 3766 ut
618 3710 665 3768 uel
680 3709 761 3769 illius
776 3710 874 3783 fidem,
898 3712 948 3785 qui
968 3712 1077 3770 remitti
1092 3712 1147 3772 sibi
1162 3714 1303 3770 meruerat
1318 3713 1449 3784 peccata,

423 3892 503 3948 3Ps.
524 3889 588 3954 111,
610 3891 633 3946 1.
698 3892 784 3948 4Ρο
807 3893 871 3957 149,
890 3894 916 3952 5.
947 3895 959 3961 ll
987 3895 1031 3947 Pe.
1053 3894 1117 3961 111,
1140 3893 1183 3950 10.
1240 3892 1350 3949 12100.
1371 3892 1397 3957 5,
1419 3892 1450 3950 8.

325 3978 361 4036 18
379 3978 411 4032 01.
431 3975 547 4040 10040,
568 3977 612 4033 12.

373 4147 591 4216 dsupcriectob
659 4148 866 4205 P(uestimentis
877 4150 1008 4233 plosecmc
1027 4151 1141 4204 uidetur
1211 4149 1249 4207 10
1266 4148 1453 4257 istisvproba-

322 4267 411 4319 romb
434 4269 446 4333 ΙΙ
468 4270 601 4337 esayasO
663 4270 820 4335 1211100,
839 4270 910 4324 bisb
964 4271 1002 4327 14
1020 4270 1143 4325 saltemb
1210 4269 1245 4327 19
1264 4269 1457 4338 gignenturo

375 4351 411 4406 21
431 4351 652 4412 edomandumOb
703 4356 916 4413 resalutatur
968 4357 1006 4414 29
1025 4356 1079 4411 hiis
1096 4357 1208 4422 G,hisb
1261 4353 1453 4413 erueturne
