3050 4984
322 393 365 458 84
717 390 859 446 Firmici
876 391 1023 445 Materni

322 546 409 628 pater
424 547 455 611 et
470 546 579 611 sellam
593 546 680 631 regni
694 566 790 628 puero
804 546 974 613 tradiderat
993 547 1025 612 et
1039 546 1210 628 sceptrum,
1227 544 1366 610 custodes
1380 545 1458 628 pri·

322 668 410 715 mum
425 649 579 733 regalibus
594 649 739 732 praemiis
754 650 992 733 muneribusque
1006 649 1150 731 corrupit,
1172 648 1281 715 deinde
1296 648 1451 714 satellites

323 770 403 830 suos,
420 752 472 834 qui
489 752 613 817 Titanes
628 753 825 831 uocabantur,
841 754 874 817 iu
888 753 1085 819 interioribus
1099 752 1201 837 regiae
1215 752 1296 818 locat
1307 751 1448 833 partibus

323 856 355 919 01
369 854 542 937 crepundiis
557 874 592 921 00
607 856 728 938 speculo
743 855 868 920 adfabre
883 856 964 921 facto
979 856 1097 921 animos
1121 856 1166 921 ita
1180 855 1312 938 pueriles
1326 853 1448 932 inlexit,

324 959 360 1022 ut
371 958 499 1023 desertis
514 958 607 1043 regiis
622 958 746 1031 sedibus
763 960 803 1023 ad
817 960 1001 1025 insidiarum
1018 960 1122 1024 locum
1136 958 1264 1043 puerilis
1281 958 1378 1023 animi
1393 958 1449 1022 de·
1477 973 1497 1010 a

295 1060 434 1125 3siderio
446 1062 617 1127 duceretur.
641 1061 905 1144 illiciuterceptus
916 1062 1146 1142 trucidaturet,
1162 1063 1199 1125 ut
1210 1062 1334 1127 nullum
1346 1061 1451 1143 posset

323 1164 406 1229 necis
420 1164 552 1229 inueniri
567 1164 752 1248 uestigium,
774 1165 964 1230 articulatim
985 1166 1123 1230 membra
1144 1165 1263 1230 concisa
1276 1163 1451 1229 satellitum

325 1266 385 1331 sibi
387 1266 515 1351 gdiuidit
528 1267 629 1332 turba.
645 1268 728 1347 tunc,
744 1268 780 1331 ut
794 1268 868 1332 huic
882 1267 1009 1335 facinori
1029 1268 1115 1333 aliud
1137 1268 1256 1333 facinus
1277 1268 1452 1343 adderetur,

325 1369 398 1453 quia
411 1370 608 1435 uehementer
621 1370 746 1453 tyranni
761 1371 926 1436 crudelitas
941 1372 1128 1452 timebatur,
1145 1370 1268 1436 decocta
1282 1370 1378 1435 uariis
1394 1389 1450 1454 ge-

324 1474 448 1538 neribus
462 1474 549 1555 pueri
564 1474 703 1538 membra
717 1475 916 1553 consumunt,
932 1475 967 1539 ut
978 1474 1106 1539 humani
1121 1474 1278 1539 cadaueris
1299 1472 1452 1538 inauditis
1480 1487 1512 1525 re

223 1602 272 1643 10.
282 1605 316 1647 ει.
326 1595 422 1660 usque
436 1577 469 1642 in
483 1576 575 1641 illum
591 1576 673 1641 diem
687 1577 786 1659 epulis
806 1579 810 1660 Ι
829 1578 1032 1643 noscerentur.
1055 1595 1106 1642 cor
1120 1578 1257 1642 diuisum
1283 1577 1343 1641 sibi
1366 1594 1453 1642 00101

326 1681 508 1761 seruatori
523 1680 663 1746 Minerua
681 1679 743 1746 fuit
762 1699 891 1759 nomen,
914 1701 991 1764 quae
1011 1683 1042 1747 et
1064 1682 1132 1763 ipsa
1146 1681 1269 1746 sceleris
1294 1679 1356 1744 fuit
1379 1698 1453 1761 par-

326 1784 437 1865 ticeps,
460 1784 491 1847 et
512 1784 548 1848 ut
562 1782 763 1848 manifestum
784 1783 947 1855 delationis
970 1785 1051 1850 esset
1065 1784 1215 1849 indicium
1229 1784 1261 1848 et
1276 1785 1312 1848 ut
1323 1783 1456 1848 haberet

326 1886 407 1951 unde
422 1885 551 1950 furentis
564 1887 663 1968 patris
678 1886 831 1969 impetum
842 1887 1010 1972 mitigaret.
1025 1906 1146 1953 reuerso
1158 1888 1227 1952 leui
1235 1886 1301 1952 filia
1312 1885 1454 1952 ordinem

298 1987 470 2062 4facinoris
486 1988 617 2071 exponit.
639 1989 712 2054 tunc
731 1991 819 2071 pater
843 1989 966 2055 funesta
982 1990 1160 2055 calamitate
1181 1989 1276 2055 cladis
1296 1990 1328 2054 et
1348 1988 1488 2054 acerbis

326 2092 429 2155 luctus
444 2091 606 2157 atrocitate
620 2092 791 2156 commotus
799 2092 926 2158 Titanas
941 2094 1065 2176 quidem
1074 2094 1159 2159 uario
1173 2111 1283 2175 genere
1298 2092 1456 2157 excrucia-

327 2195 376 2260 tos
396 2196 485 2259 necat
506 2213 561 2259 nec
581 2196 833 2277 praetermissum
852 2197 900 2260 cst
926 2197 959 2260 iu
980 2197 1096 2260 ultione
1111 2196 1169 2260 filii
1195 2196 1250 2261 aut
1263 2196 1456 2259 tormentum

329 2298 453 2381 aliquod
475 2300 530 2363 aut
551 2316 662 2380 poena,
690 2298 744 2363 sed
765 2298 940 2380 peremnia
960 2317 1127 2381 poenarum
1150 2316 1261 2382 genera
1285 2297 1453 2361 bacchatus

328 2419 433 2466 necem
444 2401 675 2484 qualiscumque
686 2401 744 2466 filii
756 2402 937 2481 uindicauit,
953 2402 1066 2468 affectu
1078 2402 1203 2484 quidem
1214 2399 1321 2483 patris,
1338 2400 1393 2464 sed
1404 2402 1451 2483 ty·

329 2506 453 2571 rannica
472 2506 631 2587 potestate.
663 2506 751 2585 tunc,
773 2506 974 2588 quiadiutius
995 2507 1084 2589 pater
1104 2504 1183 2570 ferre
1200 2504 1336 2589 lugentis
1357 2502 1499 2568 01111100

329 2609 484 2674 tormenta
497 2628 558 2674 non
571 2610 691 2692 peterat
705 2611 738 2675 et
752 2610 825 2692 quia
845 2610 930 2675 dolor
945 2610 1124 2675 0101111010
1145 2610 1269 2675 ueniens
1289 2608 1385 2673 nullis
1406 2625 1456 2671 so-

329 2710 418 2777 laciis
438 2712 658 2797 mitigabatur,
679 2712 847 2797 imaginem
868 2713 933 2778 eius
945 2732 980 2777 ex
1000 2730 1097 2797 gypso
1123 2714 1252 2795 plastico
1276 2730 1363 2793 opere
1384 2730 1456 2792 per-

331 2812 405 2879 fecit
416 2814 447 2879 et
463 2832 513 2878 cor
526 2816 622 2896 pueri,
638 2833 744 2897 exque
756 2815 875 2881 facinus
890 2816 992 2883 fuerat
1003 2834 1105 2881 sorore
1116 2815 1270 2881 deferente
1285 2814 1456 2893 detectum,

331 2916 364 2982 11
379 2936 415 2982 00
429 2918 514 2999 parte
528 2918 645 2999 plastae
660 2919 810 2999 00110001,
827 2940 887 3003 qua
901 2921 1033 3004 pectoris
1053 2919 1175 2986 fueraut
1196 2920 1377 2985 liniamenta
1393 2918 1458 2984 for-

332 3021 426 3085 mata.
456 3020 624 3102 posthaec
649 3040 703 3103 pro
724 3023 846 3088 tumulo
868 3024 983 3089 extruit
1004 3025 1157 3106 templum
1186 3024 1218 3087 et
1243 3023 1458 3107 paedagogum
1466 3037 1497 3077 0

303 3123 418 3207 spueri
433 3123 594 3189 constituit
609 3126 812 3191 sacerdotem:
835 3126 908 3191 huic
922 3125 1042 3192 Silenus
1064 3126 1125 3191 fuit
1139 3144 1259 3191 nomeu.
1286 3124 1457 3203 Cretenses,

332 3229 368 3293 ut
382 3228 512 3293 furentis
522 3230 645 3312 tyranni
660 3230 824 3295 saeuitiam
838 3231 1034 3315 mitigarent,
1059 3230 1154 3295 festos
1179 3228 1296 3295 funeris
1310 3228 1376 3293 dies
1392 3229 1458 3293 sta-

332 3332 426 3396 1111111
433 3334 606 3399 etannuum
617 3353 739 3399 sacrum
750 3334 906 3399 trieterica
914 3334 1137 3399 consecratione
1143 3331 1337 3415 componunt,
1352 3332 1459 3396 omnia

333 3454 388 3517 per
402 3434 540 3500 ordinem
554 3435 701 3501 facientes
716 3455 794 3519 quae
807 3455 883 3518 puer
896 3437 1029 3503 moriens
1044 3437 1100 3501 aut
1119 3435 1193 3501 fecit
1207 3436 1262 3501 aut
1275 3453 1384 3517 passus
1399 3430 1456 3499 e'st.

334 3537 442 3603 uiuum
457 3538 577 3603 laniant
591 3538 734 3604 dentibus
748 3541 890 3619 taumm,
906 3540 1043 3631 crudeles
1064 3539 1170 3621 epulas
1191 3538 1299 3604 annuis
1321 3555 1457 3602 comme·
1466 3554 1502 3594 00

334 3642 555 3708 morationibus
571 3643 752 3723 excitantes,
769 3645 801 3709 et
814 3662 869 3727 per
883 3644 998 3709 secreta
1013 3644 1164 3709 siluamm
1184 3640 1368 3707 clamoribus
1389 3639 1455 3703 dis-

225 3744 228 3755 '
335 3744 416 3810 sonis
432 3744 581 3810 eiulantes
595 3744 716 3830 tingunt
740 3746 836 3811 animi
856 3746 987 3811 furentis
1001 3746 1169 3825 insaniam,
1193 3744 1322 3810 utillud
1337 3742 1458 3808 facinus

333 3866 393 3914 non
408 3867 462 3931 per
477 3847 616 3913 fraudem
630 3848 748 3914 factum
764 3850 817 3914 sed
831 3868 884 3931 per
898 3849 1050 3915 insaniam
1068 3849 1256 3915 crederetur:
1289 3845 1459 3929 praefertur

388 4037 404 4092 1
424 4036 518 4090 sellem
536 4037 576 4091 P:
596 4036 721 4095 00111110
783 4036 801 4093 7
819 4036 1003 4105 particulatim
1015 4036 1073 4104 Pa,
1086 4050 1132 4089 em.
1149 4034 1299 4100 Wakefield
1313 4032 1381 4087 Sola.
1394 4032 1457 4085 crab.

335 4123 529 4191 11004911
546 4123 711 4177 conscissae
765 4122 801 4179 12
819 4138 886 4192 quae
899 4122 1038 4177 Bursian:
1057 4121 1121 4191 quia
1135 4122 1180 4175 Pa
1245 4117 1428 4177 1311010111
1441 4132 1460 4168 a

388 4210 425 4269 15
444 4209 533 4263 acerui
545 4210 583 4274 P,
603 4210 727 4264 acerbae
780 4207 817 4265 18
836 4210 1003 4278 autpentP
1047 4208 1085 4264 19
1097 4208 1215 4261 necesP
1236 4208 1247 4274 ΙΙ
1270 4204 1470 4274 010111010110

336 4311 417 4363 quea
481 4294 519 4351 23
538 4311 581 4349 cor
596 4296 673 4364 pueri
685 4296 827 4351 Barsine:
847 4310 953 4363 corpore
965 4295 1004 4358 P,
1018 4310 1092 4348 cora
1160 4294 1197 4349 24
1208 4293 1309 4361 plastes
1322 4290 1467 4355 Brassica,

335 4379 408 4434 idem
419 4380 503 4450 plasti
511 4382 648 4436 0000101000
671 4383 683 4449 ΙΙ
705 4380 868 4435 lineamenta
889 4379 948 4434 edd.
1014 4379 1180 4435 2680101110
1201 4380 1228 4432 P
1245 4395 1290 4446 pr.
1303 4394 1336 4431 m.
