<?xml version="1.0" encoding="UTF-8"?>
<!DOCTYPE html PUBLIC "-//W3C//DTD XHTML 1.0 Transitional//EN"
    "http://www.w3.org/TR/xhtml1/DTD/xhtml1-transitional.dtd">
<html xmlns="http://www.w3.org/1999/xhtml" xml:lang="en" lang="en">
 <head>
  <title>
</title>
<meta http-equiv="Content-Type" content="text/html;charset=utf-8" />
  <meta name='ocr-system' content='tesseract 3.04.00' />
  <meta name='ocr-capabilities' content='ocr_page ocr_carea ocr_par ocr_line ocrx_word'/>
</head>
<body>
  <div class='ocr_page' id='page_1' title='image "./corpusscriptoru02wissgoog_0085.png"; bbox 0 0 3050 4984; ppageno 0'>
   <div class='ocr_carea' id='block_1_1' title="bbox 555 316 1254 420">
    <p class='ocr_par' dir='ltr' id='par_1_1' title="bbox 555 316 1254 420">
     <span class='ocr_line' id='line_1_1' title="bbox 555 316 1254 420; baseline 0.004 -14"><span class='ocrx_word' id='word_1_1' title='bbox 555 351 669 406; x_wconf 74' lang='lat' dir='ltr'>ceron.</span> <span class='ocrx_word' id='word_1_2' title='bbox 689 353 724 416; x_wconf 88' lang='lat'>11,</span> <span class='ocrx_word' id='word_1_3' title='bbox 745 316 839 409; x_wconf 63' lang='lat'>1-2.¹</span> <span class='ocrx_word' id='word_1_4' title='bbox 1213 355 1254 420; x_wconf 74' lang='lat'>57</span> 
     </span>
    </p>
   </div>
   <div class='ocr_carea' id='block_1_2' title="bbox 71 507 1283 2030">
    <p class='ocr_par' dir='ltr' id='par_1_2' title="bbox 71 507 1283 2030">
     <span class='ocr_line' id='line_1_2' title="bbox 106 507 1283 591; baseline 0.002 -17"><span class='ocrx_word' id='word_1_5' title='bbox 106 509 288 591; x_wconf 80' lang='lat' dir='ltr'>disciplina</span> <span class='ocrx_word' id='word_1_6' title='bbox 301 508 389 573; x_wconf 89' lang='lat' dir='ltr'>breui</span> <span class='ocrx_word' id='word_1_7' title='bbox 404 507 545 572; x_wconf 91' lang='lat' dir='ltr'>omnibus</span> <span class='ocrx_word' id='word_1_8' title='bbox 560 507 641 590; x_wconf 85' lang='lat' dir='ltr'>regis</span> <span class='ocrx_word' id='word_1_9' title='bbox 656 507 803 589; x_wconf 82' lang='lat' dir='ltr'>proximis</span> <span class='ocrx_word' id='word_1_10' title='bbox 815 508 951 573; x_wconf 77' lang='lat' dir='ltr'>antelati.</span> <span class='ocrx_word' id='word_1_11' title='bbox 966 509 1118 590; x_wconf 89' lang='lat' dir='ltr'>peridem</span> <span class='ocrx_word' id='word_1_12' title='bbox 1132 511 1283 590; x_wconf 71' lang='lat' dir='ltr'>tempusa</span> 
     </span>
     <span class='ocr_line' id='line_1_3' title="bbox 106 609 1253 693; baseline -0.001 -17"><span class='ocrx_word' id='word_1_13' title='bbox 106 610 276 690; x_wconf 80' lang='lat' dir='ltr'>Susanna,</span> <span class='ocrx_word' id='word_1_14' title='bbox 298 611 422 676; x_wconf 87' lang='lat' dir='ltr'>cuidam</span> <span class='ocrx_word' id='word_1_15' title='bbox 440 609 546 675; x_wconf 91' lang='lat' dir='ltr'>Ioachi</span> <span class='ocrx_word' id='word_1_16' title='bbox 565 611 676 691; x_wconf 90' lang='lat' dir='ltr'>nupta,</span> <span class='ocrx_word' id='word_1_17' title='bbox 698 612 851 691; x_wconf 89' lang='lat' dir='ltr'>spectatae</span> <span class='ocrx_word' id='word_1_18' title='bbox 871 609 986 676; x_wconf 86' lang='lat' dir='ltr'>femina</span> <span class='ocrx_word' id='word_1_19' title='bbox 1004 611 1253 693; x_wconf 71' lang='lat' dir='ltr'>pulchritudiuis,</span> 
     </span>
     <span class='ocr_line' id='line_1_4' title="bbox 106 713 1253 797; baseline -0.001 -18"><span class='ocrx_word' id='word_1_20' title='bbox 106 734 130 779; x_wconf 91' lang='lat' dir='ltr'>a</span> <span class='ocrx_word' id='word_1_21' title='bbox 151 715 281 780; x_wconf 90' lang='lat' dir='ltr'>duobus</span> <span class='ocrx_word' id='word_1_22' title='bbox 300 713 486 797; x_wconf 85' lang='lat' dir='ltr'>presbyteris</span> <span class='ocrx_word' id='word_1_23' title='bbox 506 713 657 795; x_wconf 88' lang='lat' dir='ltr'>appetita,</span> <span class='ocrx_word' id='word_1_24' title='bbox 679 731 749 778; x_wconf 91' lang='lat' dir='ltr'>cum</span> <span class='ocrx_word' id='word_1_25' title='bbox 770 713 935 794; x_wconf 81' lang='lat' dir='ltr'>impudicis</span> <span class='ocrx_word' id='word_1_26' title='bbox 955 731 1016 778; x_wconf 93' lang='lat' dir='ltr'>non</span> <span class='ocrx_word' id='word_1_27' title='bbox 1035 714 1253 796; x_wconf 88' lang='lat' dir='ltr'>adquieuieset,</span> 
     </span>
     <span class='ocr_line' id='line_1_5' title="bbox 106 815 1254 898; baseline 0 -18"><span class='ocrx_word' id='word_1_28' title='bbox 106 816 196 880; x_wconf 82' lang='lat' dir='ltr'>falso</span> <span class='ocrx_word' id='word_1_29' title='bbox 213 817 344 882; x_wconf 84' lang='lat' dir='ltr'>crimine</span> <span class='ocrx_word' id='word_1_30' title='bbox 358 815 529 893; x_wconf 72' lang='lat' dir='ltr'>incessitur,</span> <span class='ocrx_word' id='word_1_31' title='bbox 541 815 641 880; x_wconf 89' lang='lat' dir='ltr'>isdem</span> <span class='ocrx_word' id='word_1_32' title='bbox 654 815 841 898; x_wconf 79' lang='lat' dir='ltr'>presbyteris</span> <span class='ocrx_word' id='word_1_33' title='bbox 852 815 1068 895; x_wconf 82' lang='lat' dir='ltr'>deserentibus,</span> <span class='ocrx_word' id='word_1_34' title='bbox 1080 817 1114 886; x_wconf 90' lang='lat' dir='ltr'>in</span> <span class='ocrx_word' id='word_1_35' title='bbox 1127 817 1254 882; x_wconf 86' lang='lat' dir='ltr'>remotis</span> 
     </span>
     <span class='ocr_line' id='line_1_6' title="bbox 81 918 1253 1000; baseline 0.001 -17"><span class='ocrx_word' id='word_1_36' title='bbox 81 919 191 984; x_wconf 64' lang='lat' dir='ltr'>slecis</span> <span class='ocrx_word' id='word_1_37' title='bbox 209 920 438 985; x_wconf 88' lang='lat' dir='ltr'>adulescentem</span> <span class='ocrx_word' id='word_1_38' title='bbox 449 937 520 983; x_wconf 91' lang='lat' dir='ltr'>cum</span> <span class='ocrx_word' id='word_1_39' title='bbox 534 937 570 984; x_wconf 90' lang='lat' dir='ltr'>ea</span> <span class='ocrx_word' id='word_1_40' title='bbox 584 918 816 1000; x_wconf 88' lang='lat' dir='ltr'>deprehensum,</span> <span class='ocrx_word' id='word_1_41' title='bbox 828 919 882 984; x_wconf 89' lang='lat' dir='ltr'>sed</span> <span class='ocrx_word' id='word_1_42' title='bbox 893 919 985 984; x_wconf 92' lang='lat' dir='ltr'>illum</span> <span class='ocrx_word' id='word_1_43' title='bbox 999 920 1129 984; x_wconf 89' lang='lat' dir='ltr'>iuuenili</span> <span class='ocrx_word' id='word_1_44' title='bbox 1143 919 1253 984; x_wconf 87' lang='lat' dir='ltr'>alacri-</span> 
     </span>
     <span class='ocr_line' id='line_1_7' title="bbox 105 1021 1264 1105; baseline 0.002 -19"><span class='ocrx_word' id='word_1_45' title='bbox 105 1023 179 1086; x_wconf 86' lang='lat' dir='ltr'>tate</span> <span class='ocrx_word' id='word_1_46' title='bbox 195 1041 311 1088; x_wconf 90' lang='lat' dir='ltr'>senum</span> <span class='ocrx_word' id='word_1_47' title='bbox 324 1040 434 1088; x_wconf 89' lang='lat' dir='ltr'>manus</span> <span class='ocrx_word' id='word_1_48' title='bbox 449 1021 602 1105; x_wconf 84' lang='lat' dir='ltr'>effugisse.</span> <span class='ocrx_word' id='word_1_49' title='bbox 625 1021 671 1085; x_wconf 92' lang='lat' dir='ltr'>ita</span> <span class='ocrx_word' id='word_1_50' title='bbox 690 1021 877 1104; x_wconf 83' lang='lat' dir='ltr'>presbyteris</span> <span class='ocrx_word' id='word_1_51' title='bbox 898 1022 974 1087; x_wconf 88' lang='lat' dir='ltr'>fides</span> <span class='ocrx_word' id='word_1_52' title='bbox 995 1022 1117 1088; x_wconf 84' lang='lat' dir='ltr'>habita:</span> <span class='ocrx_word' id='word_1_53' title='bbox 1140 1023 1264 1105; x_wconf 50' lang='lat' dir='ltr'>iudeo„</span> 
     </span>
     <span class='ocr_line' id='line_1_8' title="bbox 104 1123 1283 1209; baseline -0.002 -21"><span class='ocrx_word' id='word_1_54' title='bbox 104 1125 224 1206; x_wconf 87' lang='lat' dir='ltr'>populi</span> <span class='ocrx_word' id='word_1_55' title='bbox 240 1123 379 1189; x_wconf 81' lang='lat' dir='ltr'>Susanna</span> <span class='ocrx_word' id='word_1_56' title='bbox 393 1125 564 1190; x_wconf 69' lang='lat' dir='ltr'>damnatus</span> <span class='ocrx_word' id='word_1_57' title='bbox 587 1143 664 1206; x_wconf 88' lang='lat' dir='ltr'>quae</span> <span class='ocrx_word' id='word_1_58' title='bbox 684 1142 755 1188; x_wconf 93' lang='lat' dir='ltr'>oum</span> <span class='ocrx_word' id='word_1_59' title='bbox 770 1125 938 1190; x_wconf 89' lang='lat' dir='ltr'>secundum</span> <span class='ocrx_word' id='word_1_60' title='bbox 958 1125 1061 1209; x_wconf 84' lang='lat' dir='ltr'>legem</span> <span class='ocrx_word' id='word_1_61' title='bbox 1075 1128 1114 1191; x_wconf 93' lang='lat' dir='ltr'>ad</span> <span class='ocrx_word' id='word_1_62' title='bbox 1134 1126 1283 1208; x_wconf 83' lang='lat' dir='ltr'>suppli-6</span> 
     </span>
     <span class='ocr_line' id='line_1_9' title="bbox 106 1226 1253 1310; baseline 0.003 -20"><span class='ocrx_word' id='word_1_63' title='bbox 106 1227 201 1291; x_wconf 89' lang='lat' dir='ltr'>cium</span> <span class='ocrx_word' id='word_1_64' title='bbox 216 1228 395 1304; x_wconf 73' lang='lat' dir='ltr'>duceretur,</span> <span class='ocrx_word' id='word_1_65' title='bbox 411 1226 536 1304; x_wconf 86' lang='lat' dir='ltr'>Daniel,</span> <span class='ocrx_word' id='word_1_66' title='bbox 551 1227 622 1292; x_wconf 87' lang='lat' dir='ltr'>tum</span> <span class='ocrx_word' id='word_1_67' title='bbox 636 1244 730 1292; x_wconf 90' lang='lat' dir='ltr'>annos</span> <span class='ocrx_word' id='word_1_68' title='bbox 744 1228 835 1291; x_wconf 90' lang='lat' dir='ltr'>natus</span> <span class='ocrx_word' id='word_1_69' title='bbox 850 1246 917 1306; x_wconf 86' lang='lat' dir='ltr'>xn,</span> <span class='ocrx_word' id='word_1_70' title='bbox 947 1228 1105 1310; x_wconf 85' lang='lat' dir='ltr'>increpitis</span> <span class='ocrx_word' id='word_1_71' title='bbox 1120 1229 1253 1309; x_wconf 90' lang='lat' dir='ltr'>Iudaeis,</span> 
     </span>
     <span class='ocr_line' id='line_1_10' title="bbox 106 1328 1254 1408; baseline 0.003 -14"><span class='ocrx_word' id='word_1_72' title='bbox 106 1349 165 1394; x_wconf 88' lang='lat' dir='ltr'>cnr</span> <span class='ocrx_word' id='word_1_73' title='bbox 180 1330 363 1395; x_wconf 86' lang='lat' dir='ltr'>innocenter</span> <span class='ocrx_word' id='word_1_74' title='bbox 382 1329 475 1396; x_wconf 88' lang='lat' dir='ltr'>morti</span> <span class='ocrx_word' id='word_1_75' title='bbox 490 1328 664 1408; x_wconf 87' lang='lat' dir='ltr'>dedissent,</span> <span class='ocrx_word' id='word_1_76' title='bbox 688 1329 794 1394; x_wconf 86' lang='lat' dir='ltr'>reduci</span> <span class='ocrx_word' id='word_1_77' title='bbox 818 1349 886 1394; x_wconf 87' lang='lat' dir='ltr'>eam</span> <span class='ocrx_word' id='word_1_78' title='bbox 900 1329 934 1395; x_wconf 91' lang='lat' dir='ltr'>in</span> <span class='ocrx_word' id='word_1_79' title='bbox 948 1329 1099 1396; x_wconf 92' lang='lat' dir='ltr'>iudicium</span> <span class='ocrx_word' id='word_1_80' title='bbox 1114 1350 1254 1397; x_wconf 88' lang='lat' dir='ltr'>causam-</span> 
     </span>
     <span class='ocr_line' id='line_1_11' title="bbox 71 1431 1283 1524; baseline 0.003 -28"><span class='ocrx_word' id='word_1_81' title='bbox 71 1446 171 1515; x_wconf 86' lang='lat' dir='ltr'>1⁰que</span> <span class='ocrx_word' id='word_1_82' title='bbox 188 1433 293 1497; x_wconf 91' lang='lat' dir='ltr'>denno</span> <span class='ocrx_word' id='word_1_83' title='bbox 308 1431 409 1498; x_wconf 92' lang='lat' dir='ltr'>audiri</span> <span class='ocrx_word' id='word_1_84' title='bbox 428 1432 572 1514; x_wconf 86' lang='lat' dir='ltr'>postulat.</span> <span class='ocrx_word' id='word_1_85' title='bbox 596 1431 751 1498; x_wconf 87' lang='lat' dir='ltr'>enimuero</span> <span class='ocrx_word' id='word_1_86' title='bbox 771 1432 941 1498; x_wconf 89' lang='lat' dir='ltr'>multitudo</span> <span class='ocrx_word' id='word_1_87' title='bbox 956 1433 1155 1512; x_wconf 89' lang='lat' dir='ltr'>Iudaeorum,</span> <span class='ocrx_word' id='word_1_88' title='bbox 1177 1444 1283 1524; x_wconf 62' lang='lat' dir='ltr'>quaet,</span> 
     </span>
     <span class='ocr_line' id='line_1_12' title="bbox 107 1534 1255 1617; baseline 0.003 -19"><span class='ocrx_word' id='word_1_89' title='bbox 107 1535 183 1599; x_wconf 89' lang='lat' dir='ltr'>tum</span> <span class='ocrx_word' id='word_1_90' title='bbox 200 1535 319 1614; x_wconf 89' lang='lat' dir='ltr'>aderat,</span> <span class='ocrx_word' id='word_1_91' title='bbox 330 1553 390 1600; x_wconf 91' lang='lat' dir='ltr'>non</span> <span class='ocrx_word' id='word_1_92' title='bbox 405 1535 470 1600; x_wconf 91' lang='lat' dir='ltr'>sine</span> <span class='ocrx_word' id='word_1_93' title='bbox 481 1535 546 1600; x_wconf 92' lang='lat' dir='ltr'>Deo</span> <span class='ocrx_word' id='word_1_94' title='bbox 561 1534 740 1600; x_wconf 83' lang='lat' dir='ltr'>existimans</span> <span class='ocrx_word' id='word_1_95' title='bbox 754 1553 885 1616; x_wconf 89' lang='lat' dir='ltr'>puerum</span> <span class='ocrx_word' id='word_1_96' title='bbox 899 1536 1090 1617; x_wconf 86' lang='lat' dir='ltr'>contemptae</span> <span class='ocrx_word' id='word_1_97' title='bbox 1101 1537 1255 1602; x_wconf 85' lang='lat' dir='ltr'>aetatulae</span> 
     </span>
     <span class='ocr_line' id='line_1_13' title="bbox 109 1636 1254 1719; baseline 0.003 -17"><span class='ocrx_word' id='word_1_98' title='bbox 109 1637 142 1702; x_wconf 92' lang='lat' dir='ltr'>in</span> <span class='ocrx_word' id='word_1_99' title='bbox 156 1637 245 1702; x_wconf 91' lang='lat' dir='ltr'>hanc</span> <span class='ocrx_word' id='word_1_100' title='bbox 261 1637 464 1702; x_wconf 88' lang='lat' dir='ltr'>constantiam</span> <span class='ocrx_word' id='word_1_101' title='bbox 478 1637 665 1719; x_wconf 87' lang='lat' dir='ltr'>prorupisse,</span> <span class='ocrx_word' id='word_1_102' title='bbox 682 1636 786 1702; x_wconf 88' lang='lat' dir='ltr'>fanore</span> <span class='ocrx_word' id='word_1_103' title='bbox 801 1639 1028 1704; x_wconf 89' lang='lat' dir='ltr'>accommodato</span> <span class='ocrx_word' id='word_1_104' title='bbox 1043 1639 1076 1704; x_wconf 92' lang='lat' dir='ltr'>in</span> <span class='ocrx_word' id='word_1_105' title='bbox 1090 1638 1254 1706; x_wconf 84' lang='lat' dir='ltr'>consilium</span> 
     </span>
     <span class='ocr_line' id='line_1_14' title="bbox 108 1739 1281 1818; baseline 0.003 -16"><span class='ocrx_word' id='word_1_106' title='bbox 108 1741 294 1806; x_wconf 83' lang='lat' dir='ltr'>reuertitur.</span> <span class='ocrx_word' id='word_1_107' title='bbox 316 1740 413 1804; x_wconf 84' lang='lat' dir='ltr'>initur</span> <span class='ocrx_word' id='word_1_108' title='bbox 427 1740 524 1805; x_wconf 91' lang='lat' dir='ltr'>denuo</span> <span class='ocrx_word' id='word_1_109' title='bbox 539 1739 705 1804; x_wconf 88' lang='lat' dir='ltr'>iudicium:</span> <span class='ocrx_word' id='word_1_110' title='bbox 727 1740 871 1818; x_wconf 86' lang='lat' dir='ltr'>Daniele,</span> <span class='ocrx_word' id='word_1_111' title='bbox 888 1741 924 1804; x_wconf 91' lang='lat' dir='ltr'>ut</span> <span class='ocrx_word' id='word_1_112' title='bbox 937 1741 1019 1806; x_wconf 88' lang='lat' dir='ltr'>inter</span> <span class='ocrx_word' id='word_1_113' title='bbox 1033 1741 1163 1806; x_wconf 88' lang='lat' dir='ltr'>maiores</span> <span class='ocrx_word' id='word_1_114' title='bbox 1177 1742 1281 1814; x_wconf 83' lang='lat' dir='ltr'>natue</span> 
     </span>
     <span class='ocr_line' id='line_1_15' title="bbox 107 1843 1250 1927; baseline 0.003 -21"><span class='ocrx_word' id='word_1_115' title='bbox 107 1844 274 1921; x_wconf 84' lang='lat' dir='ltr'>resideret,</span> <span class='ocrx_word' id='word_1_116' title='bbox 291 1843 437 1908; x_wconf 86' lang='lat' dir='ltr'>delatum.</span> <span class='ocrx_word' id='word_1_117' title='bbox 459 1843 556 1927; x_wconf 85' lang='lat' dir='ltr'>igitur</span> <span class='ocrx_word' id='word_1_118' title='bbox 571 1843 704 1924; x_wconf 86' lang='lat' dir='ltr'>separari</span> <span class='ocrx_word' id='word_1_119' title='bbox 718 1844 907 1908; x_wconf 87' lang='lat' dir='ltr'>accusatores</span> <span class='ocrx_word' id='word_1_120' title='bbox 921 1844 1022 1909; x_wconf 84' lang='lat' dir='ltr'>iubet:</span> <span class='ocrx_word' id='word_1_121' title='bbox 1045 1864 1250 1927; x_wconf 90' lang='lat' dir='ltr'>unumquem-</span> 
     </span>
     <span class='ocr_line' id='line_1_16' title="bbox 74 1945 1252 2030; baseline 0.003 -20"><span class='ocrx_word' id='word_1_122' title='bbox 74 1960 171 2028; x_wconf 80' lang='lat' dir='ltr'>1⁵qne</span> <span class='ocrx_word' id='word_1_123' title='bbox 188 1965 227 2010; x_wconf 81' lang='lat' dir='ltr'>ex</span> <span class='ocrx_word' id='word_1_124' title='bbox 242 1946 287 2010; x_wconf 88' lang='lat' dir='ltr'>eis</span> <span class='ocrx_word' id='word_1_125' title='bbox 302 1945 484 2029; x_wconf 84' lang='lat' dir='ltr'>interrogat,</span> <span class='ocrx_word' id='word_1_126' title='bbox 506 1945 562 2009; x_wconf 92' lang='lat' dir='ltr'>snb</span> <span class='ocrx_word' id='word_1_127' title='bbox 584 1946 670 2010; x_wconf 90' lang='lat' dir='ltr'>cuius</span> <span class='ocrx_word' id='word_1_128' title='bbox 685 1947 805 2029; x_wconf 88' lang='lat' dir='ltr'>generis</span> <span class='ocrx_word' id='word_1_129' title='bbox 825 1946 931 2011; x_wconf 90' lang='lat' dir='ltr'>arbore</span> <span class='ocrx_word' id='word_1_130' title='bbox 951 1948 1124 2013; x_wconf 88' lang='lat' dir='ltr'>adulteram</span> <span class='ocrx_word' id='word_1_131' title='bbox 1144 1949 1252 2030; x_wconf 88' lang='lat' dir='ltr'>depre-</span> 
     </span>
    </p>
   </div>
   <div class='ocr_carea' id='block_1_3' title="bbox 8 2047 1252 2152">
    <p class='ocr_par' dir='ltr' id='par_1_3' title="bbox 8 2047 1252 2152">
     <span class='ocr_line' id='line_1_17' title="bbox 8 2047 1252 2152; baseline 0.002 -40"><span class='ocrx_word' id='word_1_132' title='bbox 8 2103 10 2152; x_wconf 40' lang='lat'>&gt;</span> <span class='ocrx_word' id='word_1_133' title='bbox 108 2049 283 2114; x_wconf 90' lang='lat' dir='ltr'>hendisset.</span> <span class='ocrx_word' id='word_1_134' title='bbox 297 2067 332 2112; x_wconf 81' lang='lat' dir='ltr'>ex</span> <span class='ocrx_word' id='word_1_135' title='bbox 347 2049 496 2113; x_wconf 84' lang='lat' dir='ltr'>uarietate</span> <span class='ocrx_word' id='word_1_136' title='bbox 510 2048 646 2130; x_wconf 87' lang='lat' dir='ltr'>responsi</span> <span class='ocrx_word' id='word_1_137' title='bbox 660 2047 781 2114; x_wconf 85' lang='lat' dir='ltr'>falsitas</span> <span class='ocrx_word' id='word_1_138' title='bbox 795 2049 996 2131; x_wconf 87' lang='lat' dir='ltr'>deprehensa:</span> <span class='ocrx_word' id='word_1_139' title='bbox 1012 2049 1149 2116; x_wconf 84' lang='lat' dir='ltr'>Susanna</span> <span class='ocrx_word' id='word_1_140' title='bbox 1162 2052 1252 2116; x_wconf 89' lang='lat' dir='ltr'>abso-</span> 
     </span>
    </p>
   </div>
   <div class='ocr_carea' id='block_1_4' title="bbox 8 2150 1252 2268">
    <p class='ocr_par' dir='ltr' id='par_1_4' title="bbox 8 2150 1252 2268">
     <span class='ocr_line' id='line_1_18' title="bbox 8 2150 1252 2268; baseline 0.003 -54"><span class='ocrx_word' id='word_1_141' title='bbox 8 2193 9 2268; x_wconf 47' lang='lat'>,</span> <span class='ocrx_word' id='word_1_142' title='bbox 109 2152 189 2230; x_wconf 88' lang='lat' dir='ltr'>luta,</span> <span class='ocrx_word' id='word_1_143' title='bbox 199 2151 383 2234; x_wconf 86' lang='lat' dir='ltr'>presbyteri,</span> <span class='ocrx_word' id='word_1_144' title='bbox 392 2151 445 2233; x_wconf 88' lang='lat' dir='ltr'>qni</span> <span class='ocrx_word' id='word_1_145' title='bbox 456 2150 789 2232; x_wconf 87' lang='lat' dir='ltr'>innocentipericulum</span> <span class='ocrx_word' id='word_1_146' title='bbox 797 2153 982 2230; x_wconf 87' lang='lat' dir='ltr'>creauerant,</span> <span class='ocrx_word' id='word_1_147' title='bbox 994 2153 1094 2234; x_wconf 87' lang='lat' dir='ltr'>capite</span> <span class='ocrx_word' id='word_1_148' title='bbox 1103 2153 1252 2232; x_wconf 73' lang='lat' dir='ltr'>damnati,</span> 
     </span>
    </p>
   </div>
   <div class='ocr_carea' id='block_1_5' title="bbox 8 2253 1281 3260">
    <p class='ocr_par' dir='ltr' id='par_1_5' title="bbox 8 2253 1281 3056">
     <span class='ocr_line' id='line_1_19' title="bbox 153 2253 1281 2339; baseline 0.004 -21"><span class='ocrx_word' id='word_1_149' title='bbox 153 2256 203 2318; x_wconf 79' lang='lat' dir='ltr'>lla</span> <span class='ocrx_word' id='word_1_150' title='bbox 217 2254 403 2335; x_wconf 86' lang='lat' dir='ltr'>tempestate</span> <span class='ocrx_word' id='word_1_151' title='bbox 417 2254 694 2318; x_wconf 82' lang='lat' dir='ltr'>Nabuchodonosor</span> <span class='ocrx_word' id='word_1_152' title='bbox 708 2253 864 2318; x_wconf 90' lang='lat' dir='ltr'>somnium</span> <span class='ocrx_word' id='word_1_153' title='bbox 877 2255 978 2333; x_wconf 87' lang='lat' dir='ltr'>uidit,</span> <span class='ocrx_word' id='word_1_154' title='bbox 999 2256 1148 2339; x_wconf 87' lang='lat' dir='ltr'>mysterio</span> <span class='ocrx_word' id='word_1_155' title='bbox 1164 2255 1281 2322; x_wconf 80' lang='lat' dir='ltr'>futu-2</span> 
     </span>
     <span class='ocr_line' id='line_1_20' title="bbox 111 2356 1252 2438; baseline 0 -18"><span class='ocrx_word' id='word_1_156' title='bbox 111 2375 221 2421; x_wconf 88' lang='lat' dir='ltr'>rorum</span> <span class='ocrx_word' id='word_1_157' title='bbox 232 2356 383 2422; x_wconf 88' lang='lat' dir='ltr'>mirabile.</span> <span class='ocrx_word' id='word_1_158' title='bbox 397 2356 484 2420; x_wconf 90' lang='lat' dir='ltr'>cuius</span> <span class='ocrx_word' id='word_1_159' title='bbox 495 2357 778 2438; x_wconf 87' lang='lat' dir='ltr'>interpretationem</span> <span class='ocrx_word' id='word_1_160' title='bbox 789 2375 861 2420; x_wconf 91' lang='lat' dir='ltr'>cum</span> <span class='ocrx_word' id='word_1_161' title='bbox 871 2376 926 2438; x_wconf 89' lang='lat' dir='ltr'>per</span> <span class='ocrx_word' id='word_1_162' title='bbox 939 2375 1043 2422; x_wconf 91' lang='lat' dir='ltr'>senon</span> <span class='ocrx_word' id='word_1_163' title='bbox 1053 2358 1155 2438; x_wconf 88' lang='lat' dir='ltr'>posset</span> <span class='ocrx_word' id='word_1_164' title='bbox 1166 2357 1252 2422; x_wconf 90' lang='lat' dir='ltr'>enol-</span> 
     </span>
     <span class='ocr_line' id='line_1_21' title="bbox 79 2458 1250 2543; baseline -0.002 -19"><span class='ocrx_word' id='word_1_165' title='bbox 79 2473 203 2538; x_wconf 69' lang='lat' dir='ltr'>wuere,</span> <span class='ocrx_word' id='word_1_166' title='bbox 219 2459 325 2524; x_wconf 89' lang='lat' dir='ltr'>ascitis</span> <span class='ocrx_word' id='word_1_167' title='bbox 339 2459 378 2524; x_wconf 91' lang='lat' dir='ltr'>ad</span> <span class='ocrx_word' id='word_1_168' title='bbox 392 2459 656 2540; x_wconf 85' lang='lat' dir='ltr'>interpretandum</span> <span class='ocrx_word' id='word_1_169' title='bbox 671 2458 832 2524; x_wconf 79' lang='lat' dir='ltr'>Chaldaeis</span> <span class='ocrx_word' id='word_1_170' title='bbox 853 2459 966 2540; x_wconf 90' lang='lat' dir='ltr'>quique</span> <span class='ocrx_word' id='word_1_171' title='bbox 986 2460 1115 2543; x_wconf 81' lang='lat' dir='ltr'>magicis</span> <span class='ocrx_word' id='word_1_172' title='bbox 1130 2459 1250 2523; x_wconf 87' lang='lat' dir='ltr'>artibus</span> 
     </span>
     <span class='ocr_line' id='line_1_22' title="bbox 8 2561 1251 2650; baseline -0.002 -22"><span class='ocrx_word' id='word_1_173' title='bbox 8 2597 9 2650; x_wconf 47' lang='lat' dir='ltr'>p</span> <span class='ocrx_word' id='word_1_174' title='bbox 116 2563 256 2645; x_wconf 82' lang='lat' dir='ltr'>extisque</span> <span class='ocrx_word' id='word_1_175' title='bbox 279 2562 450 2627; x_wconf 85' lang='lat' dir='ltr'>hostiarum</span> <span class='ocrx_word' id='word_1_176' title='bbox 470 2562 547 2626; x_wconf 89' lang='lat' dir='ltr'>scire</span> <span class='ocrx_word' id='word_1_177' title='bbox 567 2562 686 2626; x_wconf 90' lang='lat' dir='ltr'>occulta</span> <span class='ocrx_word' id='word_1_178' title='bbox 701 2563 732 2626; x_wconf 90' lang='lat' dir='ltr'>et</span> <span class='ocrx_word' id='word_1_179' title='bbox 746 2561 851 2626; x_wconf 88' lang='lat' dir='ltr'>futura</span> <span class='ocrx_word' id='word_1_180' title='bbox 870 2563 1042 2644; x_wconf 87' lang='lat' dir='ltr'>praecinere</span> <span class='ocrx_word' id='word_1_181' title='bbox 1056 2562 1251 2640; x_wconf 90' lang='lat' dir='ltr'>uidebantur,</span> 
     </span>
     <span class='ocr_line' id='line_1_23' title="bbox 117 2664 1251 2749; baseline 0.001 -20"><span class='ocrx_word' id='word_1_182' title='bbox 117 2683 189 2729; x_wconf 84' lang='lat' dir='ltr'>mox</span> <span class='ocrx_word' id='word_1_183' title='bbox 199 2665 329 2743; x_wconf 87' lang='lat' dir='ltr'>ueritus,</span> <span class='ocrx_word' id='word_1_184' title='bbox 344 2684 383 2730; x_wconf 93' lang='lat' dir='ltr'>ne</span> <span class='ocrx_word' id='word_1_185' title='bbox 397 2682 481 2729; x_wconf 88' lang='lat' dir='ltr'>more</span> <span class='ocrx_word' id='word_1_186' title='bbox 496 2664 656 2730; x_wconf 89' lang='lat' dir='ltr'>hominum</span> <span class='ocrx_word' id='word_1_187' title='bbox 670 2683 731 2729; x_wconf 91' lang='lat' dir='ltr'>non</span> <span class='ocrx_word' id='word_1_188' title='bbox 744 2683 826 2742; x_wconf 89' lang='lat' dir='ltr'>uera,</span> <span class='ocrx_word' id='word_1_189' title='bbox 839 2665 893 2729; x_wconf 90' lang='lat' dir='ltr'>sed</span> <span class='ocrx_word' id='word_1_190' title='bbox 907 2665 1021 2747; x_wconf 88' lang='lat' dir='ltr'>placita</span> <span class='ocrx_word' id='word_1_191' title='bbox 1035 2666 1102 2749; x_wconf 83' lang='lat' dir='ltr'>regi</span> <span class='ocrx_word' id='word_1_192' title='bbox 1117 2684 1153 2730; x_wconf 82' lang='lat' dir='ltr'>ex</span> <span class='ocrx_word' id='word_1_193' title='bbox 1167 2683 1251 2730; x_wconf 89' lang='lat' dir='ltr'>som-</span> 
     </span>
     <span class='ocr_line' id='line_1_24' title="bbox 118 2766 1252 2849; baseline 0 -17"><span class='ocrx_word' id='word_1_194' title='bbox 118 2769 171 2832; x_wconf 91' lang='lat' dir='ltr'>nio</span> <span class='ocrx_word' id='word_1_195' title='bbox 185 2768 400 2846; x_wconf 81' lang='lat' dir='ltr'>coniectarent,</span> <span class='ocrx_word' id='word_1_196' title='bbox 416 2767 483 2832; x_wconf 87' lang='lat' dir='ltr'>uisa</span> <span class='ocrx_word' id='word_1_197' title='bbox 498 2766 664 2849; x_wconf 90' lang='lat' dir='ltr'>subprimit</span> <span class='ocrx_word' id='word_1_198' title='bbox 678 2767 836 2849; x_wconf 87' lang='lat' dir='ltr'>poscitque</span> <span class='ocrx_word' id='word_1_199' title='bbox 850 2768 889 2832; x_wconf 89' lang='lat' dir='ltr'>ab</span> <span class='ocrx_word' id='word_1_200' title='bbox 904 2769 958 2846; x_wconf 88' lang='lat' dir='ltr'>eis,</span> <span class='ocrx_word' id='word_1_201' title='bbox 974 2769 1019 2847; x_wconf 91' lang='lat' dir='ltr'>ut,</span> <span class='ocrx_word' id='word_1_202' title='bbox 1035 2768 1063 2832; x_wconf 93' lang='lat' dir='ltr'>si</span> <span class='ocrx_word' id='word_1_203' title='bbox 1077 2788 1151 2833; x_wconf 90' lang='lat' dir='ltr'>uera</span> <span class='ocrx_word' id='word_1_204' title='bbox 1164 2768 1198 2833; x_wconf 92' lang='lat' dir='ltr'>in</span> <span class='ocrx_word' id='word_1_205' title='bbox 1211 2768 1252 2832; x_wconf 91' lang='lat' dir='ltr'>iis</span> 
     </span>
     <span class='ocr_line' id='line_1_25' title="bbox 118 2859 1251 2952; baseline -0.002 -16"><span class='ocrx_word' id='word_1_206' title='bbox 118 2871 271 2936; x_wconf 89' lang='lat' dir='ltr'>diuinatio</span> <span class='ocrx_word' id='word_1_207' title='bbox 286 2872 381 2948; x_wconf 89' lang='lat' dir='ltr'>esset,</span> <span class='ocrx_word' id='word_1_208' title='bbox 397 2871 551 2935; x_wconf 91' lang='lat' dir='ltr'>somnium</span> <span class='ocrx_word' id='word_1_209' title='bbox 566 2870 669 2952; x_wconf 89' lang='lat' dir='ltr'>ipsum</span> <span class='ocrx_word' id='word_1_210' title='bbox 683 2870 743 2935; x_wconf 91' lang='lat' dir='ltr'>sibi</span> <span class='ocrx_word' id='word_1_211' title='bbox 759 2871 908 2936; x_wconf 90' lang='lat' dir='ltr'>dicerent:</span> <span class='ocrx_word' id='word_1_212' title='bbox 930 2872 1000 2936; x_wconf 91' lang='lat' dir='ltr'>tum</span> <span class='ocrx_word' id='word_1_213' title='bbox 1014 2859 1140 2936; x_wconf 88' lang='lat' dir='ltr'>demum</span> <span class='ocrx_word' id='word_1_214' title='bbox 1154 2871 1251 2936; x_wconf 87' lang='lat' dir='ltr'>inter-</span> 
     </span>
     <span class='ocr_line' id='line_1_26' title="bbox 86 2973 1251 3056; baseline 0.002 -21"><span class='ocrx_word' id='word_1_215' title='bbox 86 2973 284 3056; x_wconf 78' lang='lat' dir='ltr'>apretationi</span> <span class='ocrx_word' id='word_1_216' title='bbox 299 2991 404 3038; x_wconf 91' lang='lat' dir='ltr'>eorum</span> <span class='ocrx_word' id='word_1_217' title='bbox 418 2973 621 3050; x_wconf 86' lang='lat' dir='ltr'>crediturum,</span> <span class='ocrx_word' id='word_1_218' title='bbox 646 2973 673 3036; x_wconf 87' lang='lat' dir='ltr'>si</span> <span class='ocrx_word' id='word_1_219' title='bbox 692 2973 778 3054; x_wconf 88' lang='lat' dir='ltr'>prius</span> <span class='ocrx_word' id='word_1_220' title='bbox 800 2973 985 3038; x_wconf 86' lang='lat' dir='ltr'>enuntiando</span> <span class='ocrx_word' id='word_1_221' title='bbox 1006 2974 1160 3038; x_wconf 90' lang='lat' dir='ltr'>somnium</span> <span class='ocrx_word' id='word_1_222' title='bbox 1174 2973 1251 3038; x_wconf 89' lang='lat' dir='ltr'>artie</span> 
     </span>
    </p>

    <p class='ocr_par' dir='ltr' id='par_1_6' title="bbox 8 3074 1279 3260">
     <span class='ocr_line' id='line_1_27' title="bbox 8 3074 1279 3158; baseline 0.004 -18"><span class='ocrx_word' id='word_1_223' title='bbox 8 3085 9 3154; x_wconf 78' lang='lat' dir='ltr'>j</span> <span class='ocrx_word' id='word_1_224' title='bbox 117 3076 290 3158; x_wconf 90' lang='lat' dir='ltr'>periculum</span> <span class='ocrx_word' id='word_1_225' title='bbox 305 3074 456 3140; x_wconf 86' lang='lat' dir='ltr'>fecissent.</span> <span class='ocrx_word' id='word_1_226' title='bbox 478 3076 527 3140; x_wconf 92' lang='lat' dir='ltr'>illi</span> <span class='ocrx_word' id='word_1_227' title='bbox 548 3093 620 3140; x_wconf 86' lang='lat' dir='ltr'>usro</span> <span class='ocrx_word' id='word_1_228' title='bbox 634 3076 754 3140; x_wconf 83' lang='lat' dir='ltr'>taniam</span> <span class='ocrx_word' id='word_1_229' title='bbox 773 3076 889 3141; x_wconf 93' lang='lat' dir='ltr'>molem</span> <span class='ocrx_word' id='word_1_230' title='bbox 908 3076 1089 3154; x_wconf 89' lang='lat' dir='ltr'>abnuentes,</span> <span class='ocrx_word' id='word_1_231' title='bbox 1110 3078 1171 3141; x_wconf 87' lang='lat' dir='ltr'>non</span> <span class='ocrx_word' id='word_1_232' title='bbox 1185 3089 1279 3145; x_wconf 69' lang='lat' dir='ltr'>meet</span> 
     </span>
     <span class='ocr_line' id='line_1_28' title="bbox 117 3178 1250 3260; baseline 0.001 -17"><span class='ocrx_word' id='word_1_233' title='bbox 117 3180 151 3244; x_wconf 92' lang='lat' dir='ltr'>id</span> <span class='ocrx_word' id='word_1_234' title='bbox 172 3180 324 3244; x_wconf 89' lang='lat' dir='ltr'>humanae</span> <span class='ocrx_word' id='word_1_235' title='bbox 346 3179 413 3260; x_wconf 89' lang='lat' dir='ltr'>opis</span> <span class='ocrx_word' id='word_1_236' title='bbox 434 3178 664 3244; x_wconf 87' lang='lat' dir='ltr'>confitebantur.</span> <span class='ocrx_word' id='word_1_237' title='bbox 687 3198 740 3243; x_wconf 82' lang='lat' dir='ltr'>rex</span> <span class='ocrx_word' id='word_1_238' title='bbox 760 3180 879 3256; x_wconf 88' lang='lat' dir='ltr'>motus,</span> <span class='ocrx_word' id='word_1_239' title='bbox 907 3196 961 3242; x_wconf 92' lang='lat' dir='ltr'>cur</span> <span class='ocrx_word' id='word_1_240' title='bbox 982 3178 1061 3242; x_wconf 85' lang='lat' dir='ltr'>falsa</span> <span class='ocrx_word' id='word_1_241' title='bbox 1089 3178 1250 3244; x_wconf 87' lang='lat' dir='ltr'>diuinandi</span> 
     </span>
    </p>
   </div>
   <div class='ocr_carea' id='block_1_6' title="bbox 8 3281 1250 3469">
    <p class='ocr_par' dir='ltr' id='par_1_7' title="bbox 8 3281 1250 3469">
     <span class='ocr_line' id='line_1_29' title="bbox 116 3281 1250 3365; baseline 0.001 -19"><span class='ocrx_word' id='word_1_242' title='bbox 116 3281 302 3365; x_wconf 87' lang='lat' dir='ltr'>professione</span> <span class='ocrx_word' id='word_1_243' title='bbox 323 3281 463 3346; x_wconf 87' lang='lat' dir='ltr'>homines</span> <span class='ocrx_word' id='word_1_244' title='bbox 485 3281 637 3346; x_wconf 85' lang='lat' dir='ltr'>erroribus</span> <span class='ocrx_word' id='word_1_245' title='bbox 659 3281 841 3359; x_wconf 89' lang='lat' dir='ltr'>illuderent,</span> <span class='ocrx_word' id='word_1_246' title='bbox 864 3298 934 3344; x_wconf 90' lang='lat' dir='ltr'>cum</span> <span class='ocrx_word' id='word_1_247' title='bbox 956 3281 1075 3345; x_wconf 90' lang='lat' dir='ltr'>astricti</span> <span class='ocrx_word' id='word_1_248' title='bbox 1096 3281 1250 3363; x_wconf 86' lang='lat' dir='ltr'>praesenti</span> 
     </span>
     <span class='ocr_line' id='line_1_30' title="bbox 8 3381 1249 3469; baseline 0 -19"><span class='ocrx_word' id='word_1_249' title='bbox 8 3381 9 3392; x_wconf 74' lang='grc'>’</span> <span class='ocrx_word' id='word_1_250' title='bbox 94 3428 98 3436; x_wconf 87' lang='lat'>·</span> <span class='ocrx_word' id='word_1_251' title='bbox 117 3385 240 3469; x_wconf 83' lang='lat' dir='ltr'>negotio</span> <span class='ocrx_word' id='word_1_252' title='bbox 254 3384 334 3449; x_wconf 91' lang='lat' dir='ltr'>nihil</span> <span class='ocrx_word' id='word_1_253' title='bbox 349 3385 426 3448; x_wconf 89' lang='lat' dir='ltr'>scire</span> <span class='ocrx_word' id='word_1_254' title='bbox 440 3403 472 3449; x_wconf 92' lang='lat' dir='ltr'>se</span> <span class='ocrx_word' id='word_1_255' title='bbox 486 3384 714 3450; x_wconf 85' lang='lat' dir='ltr'>confiterentur:</span> <span class='ocrx_word' id='word_1_256' title='bbox 730 3383 776 3450; x_wconf 86' lang='lat' dir='ltr'>ita</span> <span class='ocrx_word' id='word_1_257' title='bbox 790 3383 889 3448; x_wconf 90' lang='lat' dir='ltr'>edicto</span> <span class='ocrx_word' id='word_1_258' title='bbox 903 3384 987 3468; x_wconf 83' lang='lat' dir='ltr'>regis</span> <span class='ocrx_word' id='word_1_259' title='bbox 1001 3384 1034 3450; x_wconf 92' lang='lat' dir='ltr'>in</span> <span class='ocrx_word' id='word_1_260' title='bbox 1049 3402 1099 3449; x_wconf 90' lang='lat' dir='ltr'>eos</span> <span class='ocrx_word' id='word_1_261' title='bbox 1109 3384 1249 3450; x_wconf 89' lang='lat' dir='ltr'>animad-</span> 
     </span>
    </p>
   </div>
   <div class='ocr_carea' id='block_1_7' title="bbox 223 3571 391 3627">
    <p class='ocr_par' dir='ltr' id='par_1_8' title="bbox 223 3571 391 3627">
     <span class='ocr_line' id='line_1_31' title="bbox 223 3571 391 3627; baseline -0.006 0"><span class='ocrx_word' id='word_1_262' title='bbox 223 3571 260 3627; x_wconf 84' lang='lat'>18</span> <span class='ocrx_word' id='word_1_263' title='bbox 278 3572 345 3624; x_wconf 91' lang='lat' dir='ltr'>Dan.</span> <span class='ocrx_word' id='word_1_264' title='bbox 365 3571 391 3626; x_wconf 79' lang='grc'>2.</span> 
     </span>
    </p>
   </div>
   <div class='ocr_carea' id='block_1_8' title="bbox 117 3723 1249 4394">
    <p class='ocr_par' dir='ltr' id='par_1_9' title="bbox 120 3723 1249 3879">
     <span class='ocr_line' id='line_1_32' title="bbox 172 3723 1247 3794; baseline -0.005 -13"><span class='ocrx_word' id='word_1_265' title='bbox 172 3727 187 3782; x_wconf 93' lang='grc'>1</span> <span class='ocrx_word' id='word_1_266' title='bbox 206 3727 311 3794; x_wconf 88' lang='lat' dir='ltr'>tempus</span> <span class='ocrx_word' id='word_1_267' title='bbox 323 3741 368 3778; x_wconf 88' lang='lat' dir='ltr'>sue</span> <span class='ocrx_word' id='word_1_268' title='bbox 384 3725 387 3792; x_wconf 76' lang='lat' dir='ltr'>l</span> <span class='ocrx_word' id='word_1_269' title='bbox 403 3739 532 3778; x_wconf 87' lang='lat' dir='ltr'>snesanna</span> <span class='ocrx_word' id='word_1_270' title='bbox 544 3725 572 3778; x_wconf 95' lang='lat' dir='ltr'><em>P</em></span> <span class='ocrx_word' id='word_1_271' title='bbox 635 3725 653 3780; x_wconf 78' lang='grc'>2</span> <span class='ocrx_word' id='word_1_272' title='bbox 672 3723 777 3778; x_wconf 85' lang='lat' dir='ltr'>cuidam</span> <span class='ocrx_word' id='word_1_273' title='bbox 789 3723 823 3778; x_wconf 85' lang='lat' dir='ltr'>dc</span> <span class='ocrx_word' id='word_1_274' title='bbox 835 3725 937 3778; x_wconf 79' lang='lat' dir='ltr'>Prata:</span> <span class='ocrx_word' id='word_1_275' title='bbox 961 3723 1092 3792; x_wconf 83' lang='lat' dir='ltr'>quaedam</span> <span class='ocrx_word' id='word_1_276' title='bbox 1101 3725 1129 3778; x_wconf 94' lang='lat' dir='ltr'><strong><em>P</em></strong></span> <span class='ocrx_word' id='word_1_277' title='bbox 1149 3725 1162 3791; x_wconf 83' lang='grc' dir='ltr'>ΙΙ</span> <span class='ocrx_word' id='word_1_278' title='bbox 1184 3723 1247 3776; x_wconf 84' lang='lat' dir='ltr'>Joa-</span> 
     </span>
     <span class='ocr_line' id='line_1_33' title="bbox 120 3808 1249 3879; baseline -0.003 -14"><span class='ocrx_word' id='word_1_279' title='bbox 120 3811 190 3865; x_wconf 91' lang='lat' dir='ltr'>ohim</span> <span class='ocrx_word' id='word_1_280' title='bbox 202 3811 230 3874; x_wconf 86' lang='lat' dir='ltr'>b,</span> <span class='ocrx_word' id='word_1_281' title='bbox 249 3810 352 3866; x_wconf 85' lang='lat' dir='ltr'>Joacim</span> <span class='ocrx_word' id='word_1_282' title='bbox 363 3811 487 3864; x_wconf 67' lang='lat' dir='ltr'>Danaeius</span> <span class='ocrx_word' id='word_1_283' title='bbox 544 3811 562 3866; x_wconf 90' lang='lat'><strong>3</strong></span> <span class='ocrx_word' id='word_1_284' title='bbox 580 3810 737 3879; x_wconf 88' lang='lat' dir='ltr'>presbiteris</span> <span class='ocrx_word' id='word_1_285' title='bbox 748 3811 777 3864; x_wconf 94' lang='lat' dir='ltr'><strong><em>P</em></strong></span> <span class='ocrx_word' id='word_1_286' title='bbox 787 3815 814 3862; x_wconf 84' lang='lat' dir='ltr'>ct</span> <span class='ocrx_word' id='word_1_287' title='bbox 823 3809 864 3864; x_wconf 74' lang='lat' dir='ltr'>sic</span> <span class='ocrx_word' id='word_1_288' title='bbox 875 3810 1020 3878; x_wconf 60' lang='lat' dir='ltr'>camem-</span> <span class='ocrx_word' id='word_1_289' title='bbox 1066 3810 1087 3865; x_wconf 88' lang='grc'>4</span> <span class='ocrx_word' id='word_1_290' title='bbox 1103 3808 1208 3862; x_wconf 81' lang='lat' dir='ltr'>hisdem</span> <span class='ocrx_word' id='word_1_291' title='bbox 1220 3809 1249 3862; x_wconf 93' lang='lat' dir='ltr'><strong><em>P</em></strong></span> 
     </span>
    </p>

    <p class='ocr_par' dir='ltr' id='par_1_10' title="bbox 117 3894 1248 4221">
     <span class='ocr_line' id='line_1_34' title="bbox 182 3894 1247 3966; baseline -0.006 -12"><span class='ocrx_word' id='word_1_292' title='bbox 182 3896 368 3966; x_wconf 76' lang='lat' dir='ltr'>hdephensns</span> <span class='ocrx_word' id='word_1_293' title='bbox 380 3897 408 3949; x_wconf 93' lang='lat' dir='ltr'><strong><em>P</em></strong></span> <span class='ocrx_word' id='word_1_294' title='bbox 471 3895 489 3951; x_wconf 81' lang='lat'>7</span> <span class='ocrx_word' id='word_1_295' title='bbox 508 3911 638 3949; x_wconf 85' lang='lat' dir='ltr'>sussanna</span> <span class='ocrx_word' id='word_1_296' title='bbox 649 3895 810 3964; x_wconf 89' lang='lat' dir='ltr'>dampnatur</span> <span class='ocrx_word' id='word_1_297' title='bbox 822 3896 850 3948; x_wconf 95' lang='lat' dir='ltr'><strong><em>P</em></strong></span> <span class='ocrx_word' id='word_1_298' title='bbox 911 3896 1153 3952; x_wconf 84' lang='lat' dir='ltr'>9innocenterP:</span> <span class='ocrx_word' id='word_1_299' title='bbox 1171 3894 1247 3948; x_wconf 81' lang='lat' dir='ltr'>inno-</span> 
     </span>
     <span class='ocr_line' id='line_1_35' title="bbox 121 3979 1247 4052; baseline -0.002 -16"><span class='ocrx_word' id='word_1_300' title='bbox 121 3985 221 4036; x_wconf 83' lang='lat' dir='ltr'>centem</span> <span class='ocrx_word' id='word_1_301' title='bbox 233 3982 292 4036; x_wconf 82' lang='lat' dir='ltr'>cdd.</span> <span class='ocrx_word' id='word_1_302' title='bbox 316 3984 329 4052; x_wconf 85' lang='grc' dir='ltr'>ΙΙ</span> <span class='ocrx_word' id='word_1_303' title='bbox 352 3980 441 4034; x_wconf 90' lang='lat' dir='ltr'>reduci</span> <span class='ocrx_word' id='word_1_304' title='bbox 452 3981 564 4048; x_wconf 65' lang='lat' dir='ltr'>eulpa:</span> <span class='ocrx_word' id='word_1_305' title='bbox 582 3981 676 4036; x_wconf 88' lang='lat' dir='ltr'>reduce</span> <span class='ocrx_word' id='word_1_306' title='bbox 693 3982 731 4047; x_wconf 93' lang='lat' dir='ltr'>P,</span> <span class='ocrx_word' id='word_1_307' title='bbox 749 3979 901 4035; x_wconf 86' lang='lat' dir='ltr'>reduceret</span> <span class='ocrx_word' id='word_1_308' title='bbox 954 3981 991 4038; x_wconf 88' lang='grc'>13</span> <span class='ocrx_word' id='word_1_309' title='bbox 1009 3979 1118 4033; x_wconf 89' lang='lat' dir='ltr'>Danieli</span> <span class='ocrx_word' id='word_1_310' title='bbox 1134 3980 1164 4043; x_wconf 88' lang='lat' dir='ltr'>b,</span> <span class='ocrx_word' id='word_1_311' title='bbox 1181 3979 1247 4034; x_wconf 75' lang='lat' dir='ltr'>item</span> 
     </span>
     <span class='ocr_line' id='line_1_36' title="bbox 117 4063 1248 4136; baseline -0.002 -15"><span class='ocrx_word' id='word_1_312' title='bbox 117 4083 145 4136; x_wconf 84' lang='lat' dir='ltr'>p.</span> <span class='ocrx_word' id='word_1_313' title='bbox 164 4070 241 4136; x_wconf 79' lang='lat'>58,2</span> <span class='ocrx_word' id='word_1_314' title='bbox 317 4066 355 4124; x_wconf 82' lang='lat'>14</span> <span class='ocrx_word' id='word_1_315' title='bbox 373 4081 584 4135; x_wconf 85' lang='lat' dir='ltr'>unumquemque</span> <span class='ocrx_word' id='word_1_316' title='bbox 596 4067 742 4122; x_wconf 80' lang='lat' dir='ltr'>chrcto:</span> <span class='ocrx_word' id='word_1_317' title='bbox 755 4082 888 4135; x_wconf 87' lang='lat' dir='ltr'>unumque</span> <span class='ocrx_word' id='word_1_318' title='bbox 904 4067 947 4120; x_wconf 84' lang='lat' dir='ltr'>Po</span> <span class='ocrx_word' id='word_1_319' title='bbox 1013 4065 1049 4121; x_wconf 89' lang='grc'>17</span> <span class='ocrx_word' id='word_1_320' title='bbox 1067 4063 1248 4133; x_wconf 86' lang='lat' dir='ltr'>dampnatiP</span> 
     </span>
     <span class='ocr_line' id='line_1_37' title="bbox 123 4151 1247 4221; baseline -0.005 -11"><span class='ocrx_word' id='word_1_321' title='bbox 123 4153 158 4210; x_wconf 88' lang='lat'>18</span> <span class='ocrx_word' id='word_1_322' title='bbox 179 4153 301 4206; x_wconf 85' lang='lat' dir='ltr'>misterio</span> <span class='ocrx_word' id='word_1_323' title='bbox 318 4153 347 4206; x_wconf 96' lang='lat' dir='ltr'><strong><em>P</em></strong></span> <span class='ocrx_word' id='word_1_324' title='bbox 420 4151 460 4209; x_wconf 78' lang='lat'>20</span> <span class='ocrx_word' id='word_1_325' title='bbox 476 4151 574 4221; x_wconf 87' lang='lat' dir='ltr'>quique</span> <span class='ocrx_word' id='word_1_326' title='bbox 592 4153 726 4206; x_wconf 73' lang='lat' dir='ltr'>Draeius:</span> <span class='ocrx_word' id='word_1_327' title='bbox 754 4152 802 4221; x_wconf 87' lang='lat' dir='ltr'>qni</span> <span class='ocrx_word' id='word_1_328' title='bbox 823 4153 880 4217; x_wconf 91' lang='lat' dir='ltr'>Pb,</span> <span class='ocrx_word' id='word_1_329' title='bbox 899 4153 935 4218; x_wconf 74' lang='lat' dir='ltr'>cf.</span> <span class='ocrx_word' id='word_1_330' title='bbox 958 4151 1247 4219; x_wconf 73' lang='lat' dir='ltr'>Dua.2,2ct2,1d</span> 
     </span>
    </p>

    <p class='ocr_par' dir='ltr' id='par_1_11' title="bbox 124 4235 1247 4394">
     <span class='ocr_line' id='line_1_38' title="bbox 171 4235 1247 4307; baseline -0.004 -13"><span class='ocrx_word' id='word_1_331' title='bbox 171 4239 208 4294; x_wconf 71' lang='lat'>22</span> <span class='ocrx_word' id='word_1_332' title='bbox 220 4238 324 4292; x_wconf 84' lang='lat' dir='ltr'>aeritur</span> <span class='ocrx_word' id='word_1_333' title='bbox 336 4239 364 4291; x_wconf 93' lang='lat' dir='ltr'><strong><em>P</em></strong></span> <span class='ocrx_word' id='word_1_334' title='bbox 409 4237 448 4294; x_wconf 78' lang='lat'>23</span> <span class='ocrx_word' id='word_1_335' title='bbox 459 4237 596 4306; x_wconf 83' lang='lat' dir='ltr'>poscitque</span> <span class='ocrx_word' id='word_1_336' title='bbox 608 4254 670 4292; x_wconf 79' lang='lat' dir='ltr'>aas:</span> <span class='ocrx_word' id='word_1_337' title='bbox 682 4238 855 4307; x_wconf 86' lang='lat' dir='ltr'>poposcitque</span> <span class='ocrx_word' id='word_1_338' title='bbox 866 4237 909 4291; x_wconf 83' lang='lat' dir='ltr'>Po</span> <span class='ocrx_word' id='word_1_339' title='bbox 929 4237 942 4304; x_wconf 87' lang='grc' dir='ltr'>ΙΙ</span> <span class='ocrx_word' id='word_1_340' title='bbox 964 4237 994 4288; x_wconf 91' lang='lat' dir='ltr'>in</span> <span class='ocrx_word' id='word_1_341' title='bbox 1005 4235 1049 4288; x_wconf 85' lang='lat' dir='ltr'>his</span> <span class='ocrx_word' id='word_1_342' title='bbox 1060 4236 1103 4290; x_wconf 84' lang='lat' dir='ltr'>Pb</span> <span class='ocrx_word' id='word_1_343' title='bbox 1149 4235 1187 4292; x_wconf 78' lang='grc'>27</span> <span class='ocrx_word' id='word_1_344' title='bbox 1199 4252 1247 4290; x_wconf 88' lang='lat' dir='ltr'>cnr</span> 
     </span>
     <span class='ocr_line' id='line_1_39' title="bbox 124 4323 273 4394; baseline -0.007 -15"><span class='ocrx_word' id='word_1_345' title='bbox 124 4326 160 4379; x_wconf 88' lang='lat' dir='ltr'>P:</span> <span class='ocrx_word' id='word_1_346' title='bbox 177 4323 273 4394; x_wconf 87' lang='lat' dir='ltr'>qncdb</span> 
     </span>
    </p>
   </div>
   <div class='ocr_carea' id='block_1_9' title="bbox 0 0 1530 4984">
    <p class='ocr_par' dir='ltr' id='par_1_12' title="bbox 0 0 1530 4984">
     <span class='ocr_line' id='line_1_40' title="bbox 0 0 1530 4984; baseline 0 0"><span class='ocrx_word' id='word_1_347' title='bbox 0 0 1530 4984; x_wconf 95' lang='lat' dir='ltr'> </span> 
     </span>
    </p>
   </div>
  </div>
 </body>
</html>
