3050 4984
289 330 352 393 144
700 328 848 397 Sulpicii
866 328 982 383 Seueri

157 566 161 571 .
288 484 361 566 quia
379 484 451 547 uoto
470 483 569 566 adque
588 483 705 549 uirtute
724 484 756 549 et
779 483 881 566 potuit
901 502 967 549 esse
986 486 1105 568 martyr
1123 486 1155 549 ct
1169 485 1278 550 uoluit.
1302 486 1411 569 quodsi

287 587 316 651 ei
329 586 510 651 Neronianis
525 587 726 669 Deciauisqne
739 586 928 669 temporibus
954 588 987 652 in
1011 588 1081 667 illa,
1105 606 1180 670 quae
1203 589 1278 653 tunc
1297 588 1411 667 extitit,

287 689 433 755 dimicare
448 688 657 773 congressione
670 690 822 767 licuisset,
846 691 943 755 testor
965 690 1067 755 Deum
1093 692 1169 757 caeli
1190 693 1282 775 atquc
1302 693 1411 771 terrae,

169 842 183 867 ,
286 792 393 874 sponte
407 792 546 857 eculeum
560 792 759 870 ascendisset,
775 794 857 857 ultro
873 810 904 857 11
919 794 1044 878 ignibus
1059 794 1229 873 intulisset,
1245 794 1411 859 Hebraeis·

286 914 344 978 que
363 896 465 977 pneris
485 896 659 978 aequandus
679 896 760 961 inter
779 895 975 961 flammarum
996 896 1102 980 globos
1116 897 1218 962 media
1231 897 1305 961 licet
1318 897 1411 980 hyru-
1442 923 1461 962 ⁵

236 1017 276 1072 10
285 1019 360 1064 num
375 1000 499 1064 Domini
514 1000 547 1065 in
561 998 681 1063 fornace
706 1000 866 1063 cantasset.
891 999 1000 1082 quodsi
1014 1000 1182 1065 Idsaiauum
1195 999 1275 1065 illud
1290 998 1410 1081 suppli-

285 1104 369 1168 cium
383 1104 566 1187 persecutori
586 1102 664 1167 forte
683 1102 869 1184 placuisset,¹
885 1120 1054 1185 numquam
1076 1102 1211 1184 prolecto
1231 1102 1319 1184 inpar
1337 1120 1411 1184 pro-

285 1204 364 1271 fetae
379 1208 469 1271 serris
483 1207 515 1271 et
529 1205 686 1272 lamminis
698 1205 832 1270 desecari
843 1206 981 1271 membra
991 1206 1156 1270 timuisset.
1172 1224 1208 1269 ao
1222 1205 1249 1269 si
1263 1205 1410 1287 praecisis

283 1310 411 1391 rupibus
437 1310 634 1392 abruptisque
659 1308 817 1373 montibus
840 1326 928 1392 agere
953 1308 1074 1373 felicem
1099 1308 1184 1373 furor
1204 1308 1319 1390 impius
1339 1326 1410 1373 ma-

284 1411 411 1491 luisset,
427 1412 569 1494 perhibeo
585 1412 714 1475 coulisus
729 1412 942 1476 testimoninm
957 1412 1102 1491 ueritati,
1118 1413 1224 1493 sponte
1239 1412 1408 1477 cecidisset.
1421 1432 1458 1472 ro

284 1515 311 1579 si
325 1533 397 1580 uero
412 1516 552 1600 gentium
567 1514 699 1579 doctoris
713 1513 850 1596 exemplo
867 1514 969 1599 gladio
984 1516 1148 1597 deputatus
1162 1515 1243 1579 iuter
1257 1515 1348 1593 alias,
1370 1516 1411 1579 11

283 1636 371 1699 saepe
395 1618 550 1700 prouenit,
574 1618 718 1682 uictimas
745 1617 919 1695 duceretur,
950 1618 1068 1701 primus
1093 1618 1245 1697 omnium,
1269 1617 1411 1682 carnifice

233 1736 269 1790 11
282 1720 441 1803 conpulso,
463 1721 600 1803 palmam
621 1722 778 1807 sanguinis
801 1722 984 1802 occupasset.
1008 1722 1072 1785 iam
1093 1739 1164 1785 uero
1179 1722 1324 1785 aduersus
1339 1739 1410 1784 om-

281 1842 335 1887 nes
349 1842 460 1905 poenas
474 1824 572 1906 adque
586 1823 751 1906 supplicia,
775 1824 887 1906 quibus
901 1823 1081 1906 plerumque
1095 1824 1229 1888 humana
1243 1823 1335 1887 cessit
1355 1823 1409 1887 in-

281 1926 432 2004 firmitas,
455 1927 500 1990 ita
519 1946 538 1990 a
558 1926 741 1991 confemione
761 1927 886 1991 Domini
906 1944 966 1991 uon
991 1927 1147 2004 recedens,
1169 1924 1326 1991 inmobilis
1350 1926 1454 1993 ob-1s

281 2030 426 2107 ebibisset,
450 2031 485 2093 ut
499 2028 598 2094 laetus
612 2029 765 2095 ulceribus
780 2030 1030 2114 congaudensque
1053 2029 1238 2095 cruciatibus
1252 2028 1410 2110 quaelibet

231 2132 360 2197 12inter
385 2133 537 2197 tormenta
562 2133 688 2198 risisset.
713 2132 772 2198 Sed
792 2151 978 2215 quamquem
999 2133 1059 2197 ista
1079 2149 1138 2197 nou
1157 2131 1334 2213 pertulerit,
1357 2131 1411 2195 in-

280 2236 379 2317 pleuit
392 2236 497 2301 tamen
512 2237 577 2300 sine
591 2254 696 2301 cruore
710 2236 905 2319 martyrium.
928 2255 1000 2300 uam
1015 2254 1089 2317 quas
1104 2235 1158 2298 ille
1172 2252 1226 2316 pro
1241 2252 1294 2315 spe
1307 2234 1410 2298 aeter-

281 2339 388 2403 nitatis
403 2339 607 2405 hnmanorum
623 2340 763 2405 dolorum
783 2358 843 2404 non
857 2339 986 2421 pertulit
1008 2338 1177 2420 passiones,
1200 2336 1298 2414 lame,
1321 2336 1409 2419 uigi-

279 2441 346 2520 liis,
369 2443 524 2521 nuditate,
558 2443 700 2520 ieiuniis,
730 2443 899 2524 opprobriis
926 2442 1119 2518 inuiderum,
1154 2439 1408 2505 insectationibus
1419 2466 1453 2507 ro

279 2545 490 2626 inproborum,
514 2564 587 2609 cura
600 2562 654 2627 pro
669 2544 912 2622 infirmantibus,
935 2544 1142 2608 sollicitudine
1156 2561 1210 2625 pro
1224 2543 1406 2624 periclitan-

229 2648 385 2712 retibus?
407 2666 466 2730 quo
482 2647 564 2712 euim
587 2647 640 2711 ille
661 2648 782 2711 dolente
804 2665 864 2711 non
885 2646 1012 2711 doluit?
1034 2664 1092 2729 quo
1108 2645 1330 2711 scandalizante
1344 2662 1408 2711 non

278 2751 366 2813 ustus
388 2751 455 2814 est?
481 2769 541 2832 qno
556 2751 699 2831 pereunte
712 2768 773 2813 non
787 2751 928 2834 gemuit?
949 2751 1068 2832 praeter
1082 2749 1137 2813 illa
1152 2749 1304 2813 cotidiana
1317 2748 1407 2813 illins

278 2852 443 2916 aduersum
474 2853 541 2916 uim
566 2852 718 2917 hnmanae
753 2836 961 2935 spiritalisque
993 2853 1146 2935 nequitiae
1171 2852 1292 2917 diusmo
1306 2853 1406 2916 certa-

278 2954 377 3032 mina,
400 2955 476 3018 dum
501 2955 534 3018 in
564 2972 598 3018 eo
620 2955 715 3019 uariis
735 2956 990 3037 temptationibus
1015 2955 1149 3037 adpetito
1175 2974 1293 3038 semper
1314 2972 1406 3019 exsu—
1419 2982 1449 3025 rs

278 3058 374 3138 perat
408 3057 557 3122 fortitudo
594 3058 750 3136 uincendi,
784 3059 934 3140 patientis
958 3057 1148 3141 expectandi,
1182 3058 1407 3140 aequanimitas

226 3153 267 3207 14
279 3160 459 3225 sustinendi.
483 3179 586 3226 ouere
606 3161 792 3226 ineffabilem
814 3160 932 3239 uirum,
954 3162 1083 3244 pietate,
1107 3161 1328 3240 misericordia,
1351 3180 1406 3226 ca-

278 3263 385 3341 ritate,
409 3283 485 3346 quae
511 3284 581 3328 cum
597 3264 709 3330 cotidie
730 3265 824 3330 etiam
845 3265 878 3330 in
899 3264 1010 3329 sanctis
1025 3263 1100 3327 uiris
1126 3262 1245 3327 saeculo
1270 3264 1405 3348 frigente

276 3366 436 3450 frigescat,
452 3367 553 3431 inille
568 3369 672 3433 tamen
687 3387 783 3450 usque
798 3369 837 3432 ed
854 3368 946 3432 finem
957 3366 1045 3431 aucta
1059 3367 1092 3431 in
1103 3366 1168 3431 dies
1179 3368 1403 3449 perseuerauit!

276 3487 335 3553 quo
351 3488 406 3555 ego
421 3469 506 3534 illius
521 3471 598 3535 bono
613 3470 664 3535 111
678 3471 850 3553 specialiter
865 3469 977 3534 fruitus
992 3488 1076 3549 sum,
1093 3490 1164 3535 cum
1179 3490 1228 3535 me
1239 3470 1404 3555 indignum
1417 3496 1447 3537 ao

327 3712 342 3766 1
362 3709 463 3763 uirtute
469 3709 589 3779 AFQV:
600 3710 747 3764 uirtutibus
759 3727 775 3764 c
826 3711 847 3766 4
863 3710 981 3764 eculeum
991 3710 1056 3764 mci:
1069 3710 1209 3778 equuleum
1220 3726 1236 3763 o
1288 3709 1305 3765 6
1318 3708 1402 3762 isaia-

273 3813 339 3851 num
350 3797 391 3863 A,
411 3796 548 3849 esciannm
564 3796 590 3850 V
639 3795 658 3852 8
676 3797 812 3849 lamminis
824 3796 891 3850 FV:
909 3795 1016 3849 lammis
1033 3796 1072 3859 A,
1091 3796 1227 3848 laminiso
1250 3797 1262 3864 ΙΙ
1284 3794 1404 3848 desecari

272 3884 367 3939 AFV:
386 3881 514 3936 dissecari
535 3880 594 3935 edd.
617 3883 710 3949 inepte
732 3884 743 3950 ΙΙ
768 3883 797 3935 st
810 3882 833 3935 si
846 3881 885 3935 ed.
901 3882 962 3935 Ale.
1029 3881 1066 3937 10
1083 3881 1196 3935 ueritati
1220 3881 1256 3935 V:
1276 3880 1402 3933 ueritatis

272 3970 344 4023 AFc
398 3969 434 4027 15
452 3967 605 4021 obstitisset
616 3967 737 4036 AFQV:
750 3968 899 4021 stetisseto
952 3967 988 4023 17
1006 3967 1147 4035 pertulerit
1163 3967 1196 4021 V:
1220 3966 1317 4019 tulerit
1328 3966 1402 4019 AFv

326 4054 363 4110 18
380 4057 471 4108 tamen
487 4053 522 4108 V:
540 4055 631 4106 tamen
643 4052 725 4105 etiam
737 4054 809 4107 Asc
875 4053 914 4109 24
932 4052 1070 4106 aduersum
1082 4053 1138 4106 nim
1149 4054 1261 4120 scripsi:
1279 4052 1336 4105 nim
1349 4066 1397 4104 cm.

272 4140 349 4204 talem
368 4140 509 4193 aduersum
521 4139 650 4191 humanas
662 4138 849 4207 spiritalesque
862 4138 996 4206 nequitias
1019 4139 1087 4192 coci.
1110 4137 1143 4192 dc
1155 4138 1244 4192 Prcto
1313 4136 1351 4195 25
1369 4136 1399 4188 in

273 4240 333 4278 eum
349 4225 375 4279 V
393 4226 406 4293 ll
428 4224 659 4294 temptionibusA
682 4225 694 4291 ΙΙ
717 4225 897 4292 exsuperetF
946 4223 1115 4279 27111111
1164 4222 1396 4291 2811111111-

274 4309 399 4378 frigiscst
414 4311 449 4374 V,
468 4309 710 4379 quae-frigescit
720 4309 793 4363 Aee
844 4308 882 4366 29
900 4311 965 4363 anta
980 4310 1007 4364 V
1055 4308 1094 4365 30
1111 4308 1213 4362 fruetus
1229 4309 1255 4362 V
