3050 4984
449 419 613 475 Octauius
631 434 652 473 c.
672 419 789 479 13-15.
1072 488 1075 496 ,
1138 421 1178 485 19

62 574 90 636 et
109 573 147 636 n'n
176 573 351 639 incredibili
371 593 479 639 uerum
499 576 530 640 et
544 574 577 640 in
591 574 755 640 uerisimili
769 574 972 640 mendacium.
996 575 1099 656 itaque
1119 590 1206 656 quob

62 676 181 757 saepius
204 676 486 742 adseuerationibus
509 678 650 757 credunt,
681 696 715 743 eo
738 678 927 760 frequentius
948 677 1178 761 aperitioribus

62 780 247 862 arguuntur:
280 780 325 843 sic
351 779 477 844 adsidue
508 781 683 846 temeritate
710 781 828 863 decepti
855 781 978 862 culpam
1000 780 1108 846 iudicii
1129 780 1178 845 sui

61 880 248 947 tamsferrmt
268 883 308 947 ad
329 883 438 948 incerti
458 884 642 965 querellam,
672 885 708 948 ut
729 884 883 949 damnatis
904 883 1045 949 omnibus
1066 883 1178 947 malint

45 985 201 1049 snmuersa
222 986 406 1068 suspendere
428 1005 521 1068 quam
543 987 580 1051 de
603 985 767 1052 fallacibus
788 987 932 1053 iudicare.
969 986 1068 1072 igitur
1088 986 1205 1055 nobisc

60 1088 281 1179 prouidendum
299 1090 360 1168 est,
383 1108 421 1154 ne
435 1090 504 1154 odio
519 1089 688 1154 identidem
710 1108 884 1155 sermonum
905 1090 1044 1155 omnium
1058 1090 1176 1156 labore·

4 1206 5 1279 ]
59 1209 123 1253 mus
137 1191 203 1269 ita,
227 1191 310 1255 utin
325 1193 548 1258 execrationem
562 1193 593 1257 et
608 1193 713 1257 odium
730 1193 890 1258 hominum
904 1194 1042 1276 plerique
1055 1192 1176 1274 simpli·

60 1293 148 1357 oiores
161 1293 337 1358 efferantur.
354 1314 426 1358 nam
440 1296 562 1360 incaute
574 1296 689 1359 creduli
704 1295 985 1361 circumueniuntur
998 1296 1037 1360 ab
1051 1296 1091 1360 iis
1102 1313 1177 1378 quos

60 1396 147 1460 bonos
162 1397 368 1479 putauerunt:
384 1416 454 1461 mox
470 1416 569 1463 erroro
580 1399 732 1463 consimili
747 1399 811 1462 iam
822 1400 970 1480 suspectis
985 1400 1126 1464 omnibus
1141 1401 1177 1463 ut

36 1499 212 1581 oimpmbos
228 1502 373 1564 metuunt
387 1501 481 1565 etiam
496 1519 571 1582 quos
586 1502 717 1583 optimos
729 1503 840 1566 sentire
851 1502 1024 1584 potuerunt.
1040 1520 1095 1567 nos
1106 1510 1204 1584 pro-7

60 1603 126 1667 inde
141 1602 287 1681 solliciti,
304 1604 384 1685 quod
399 1604 553 1685 utrimque
568 1604 652 1668 omni
666 1605 703 1667 e'n
714 1605 836 1688 negotio
852 1605 1020 1670 disseratur
1033 1607 1065 1669 et
1079 1624 1115 1669 ex
1130 1605 1176 1669 al-

61 1707 121 1770 tera
135 1706 226 1788 parte
246 1706 425 1788 plerumque
446 1706 573 1772 obscura
593 1707 635 1771 sit
655 1708 785 1787 ueritas,
808 1726 843 1772 er
863 1708 960 1772 altero
981 1707 1078 1773 latere
1098 1708 1178 1772 mira

60 1808 225 1885 subtilitas,
249 1827 327 1890 quae
349 1826 578 1890 nonnumquam
600 1809 739 1874 ubertate
768 1810 888 1875 dicendi
910 1811 1003 1875 fidem
1025 1811 1178 1876 confessae

59 1911 245 1991 probationis
260 1912 415 1989 imitetur,
432 1911 597 1995 diligenter
611 1913 760 1993 quantum
780 1913 881 1996 potest
896 1913 1018 1998 singula
1031 1915 1178 1995 pondero-

32 2034 134 2092 smus,
149 2015 187 2077 ut
199 2015 337 2098 argutias
353 2016 476 2096 quidem
491 2015 625 2094 laudare,
639 2033 674 2080 ea
689 2034 759 2079 uero
775 2035 852 2097 quae
863 2018 947 2082 recta
958 2018 1039 2095 sunt,
1055 2017 1177 2102 eligere,

58 2117 194 2199 probaro,
211 2118 364 2201 suscipere
378 2119 539 2202 possimus.

94 2219 244 2297 Decedis,
259 2221 361 2302 inquit
375 2220 532 2301 Caecilius,
556 2221 655 2287 officio
669 2221 780 2287 iudicis
795 2222 946 2307 religiosi:
960 2222 1226 2304 namperiniu-15

57 2323 137 2387 rium
152 2325 202 2387 est
216 2323 298 2387 uires
312 2323 344 2387 te
360 2323 487 2388 actionis
503 2342 589 2389 meae
603 2325 791 2409 intergressu
812 2325 1015 2409 grauissimae
1037 2323 1176 2406 disputa-

57 2426 149 2491 tionis
172 2425 359 2509 infringere,
382 2444 452 2489 cum
473 2425 620 2491 Octauius
650 2428 772 2512 integra
798 2429 830 2491 et
844 2428 974 2492 inlibata
988 2428 1098 2493 debeat
1112 2428 1176 2492 sin-

31 2528 139 2612 agula,
157 2529 185 2593 si
197 2529 307 2610 potest,
320 2528 461 2593 refutare.
477 2529 515 2592 ld
526 2530 607 2611 quod
618 2530 799 2608 criminaris,
815 2530 950 2612 inquam,
962 2530 995 2594 in
1006 2537 1204 2609 communest

55 2633 113 2696 nisi
129 2631 238 2709 fallor,
262 2632 463 2714 conpendium
478 2632 609 2713 protuli,
633 2634 669 2697 ut
684 2634 822 2698 examine
842 2634 1019 2716 scrupuloso
1039 2634 1177 2698 nostram

55 2734 241 2799 sententiam
266 2725 326 2799 non
352 2735 539 2816 eloquentiae
564 2737 699 2814 tumore,
736 2738 790 2801 sed
814 2756 917 2802 rerum
941 2736 1078 2817 ipsarum
1102 2734 1177 2799 soli·

56 2837 154 2902 ditate
168 2837 332 2915 libremus,
362 2856 418 2903 neo
432 2838 600 2918 euocanda,
631 2840 712 2920 quod
726 2840 875 2921 quereris,
906 2838 1023 2903 diutius
1036 2837 1176 2916 intentio,

56 2961 125 3005 oum
155 2941 222 3005 toto
252 2940 374 3005 silentio
398 2940 489 3006 liceat
515 2942 739 3023 responsionem
764 2943 889 3007 Ianuari
913 2940 1010 3006 nostri
1035 2941 1098 3005 iam
1122 2960 1177 3025 ge·

27 3044 177 3108 astientis
194 3044 307 3108 audire.

93 3149 139 3211 Et
150 3146 313 3211 Octauius:
329 3148 438 3211 Dicam
453 3148 603 3229 equidem,
620 3149 655 3213 ut
667 3149 770 3231 potero
785 3167 839 3229 pro
854 3148 984 3226 uiribus,
999 3148 1031 3211 et
1041 3146 1176 3211 adniten-
1190 3152 1227 3214 ld

54 3250 128 3315 dum
144 3250 206 3314 tibi
220 3268 341 3314 mecum
357 3251 412 3329 cst,
429 3251 464 3314 ut
479 3251 686 3315 conuiciorum
701 3250 928 3315 amarissimam
950 3250 1053 3315 labem
1067 3249 1176 3314 uerbo-

79 3448 81 3451 ·
104 3437 121 3491 l
137 3438 164 3488 et
173 3435 327 3489 incredibili
336 3437 387 3503 Pr,
398 3453 443 3490 eno.
456 3436 616 3491 Baldninns
636 3438 647 3505 ΙΙ
667 3438 845 3491 uerisimileP
881 3401 1003 3493 3iudicii
1009 3436 1051 3489 sui
1062 3435 1175 3503 scripsi:

54 3522 150 3576 iudicis
162 3524 215 3590 Pr,
225 3521 319 3575 iudicii
335 3524 485 3588 Wonerns,
497 3523 597 3577 iudices
608 3524 760 3591 Menestam
773 3525 808 3591 ef.
831 3524 966 3591 Wopkens
976 3524 1009 3576 in
1020 3523 1098 3576 Μίδα.
1117 3521 1175 3575 Oba

55 3607 88 3675 X,
100 3612 143 3663 28
154 3614 182 3662 et
194 3608 345 3662 Heumann
366 3610 430 3677 VII,
448 3612 506 3663 268
552 3609 746 3677 lquaerellam
760 3610 801 3675 P,
821 3608 956 3677 querelam
972 3625 987 3661 r
1009 3610 1021 3676 ΙΙ
1043 3606 1176 3661 damnatis

3 3426 10 3710 Ι
55 3693 223 3761 opinionibus
244 3694 382 3762 In'ndner,
407 3694 543 3763 ampliatis
564 3695 683 3749 omnibus
702 3695 842 3749 Mennsins
858 3696 870 3763 ΙΙ
886 3693 1035 3748 mallintP
1077 3692 1175 3749 bindi-

55 3778 110 3833 dem
122 3780 275 3847 Dornbont5
294 3781 329 3847 cf.
347 3780 457 3835 Hunda'a'
480 3782 595 3835 Twrsell.
618 3784 717 3848 3,1⁷⁷
774 3780 955 3837 8efferuntur
972 3780 1116 3846 Mnasias,
1146 3784 1176 3832 ot

55 3866 199 3919 efferantur
210 3871 282 3919 reete
294 3867 382 3919 initas
394 3872 432 3920 est
441 3866 539 3919 Henna
552 3867 611 3920 coll.
620 3866 700 3921 Diaei
712 3869 736 3930 5,
755 3869 802 3935 27,
815 3870 865 3934 10;
887 3866 950 3920 add.
965 3866 1028 3919 In'n
1043 3868 1089 3933 33,
1101 3867 1146 3929 29,
1159 3870 1176 3917 1

64 3954 75 4020 ΙΙ
89 3968 155 4005 nam
166 3952 231 4005 dum
242 3951 348 4005 incaute
360 3953 511 4005 Hennnnn
528 3953 539 4020 ΙΙ
557 3951 589 4005 ab
602 3952 723 4006 hisPei
734 3952 794 4005 edd.
844 3952 880 4008 11
898 3952 1085 4005 omniinnos:
1103 3950 1175 4003 omni

55 4037 102 4106 Pr,
115 4038 232 4091 inomni
255 4038 372 4091 Vrsnans
424 4038 460 4094 12
479 4055 510 4091 er
530 4038 615 4092 altera
632 4039 701 4091 mira
710 4039 841 4103 Vrsinus,
859 4054 891 4091 er
903 4038 987 4092 altera
1003 4037 1089 4090 lateat
1106 4036 1175 4090 mira

59 4124 199 4177 Wowerns
246 4123 283 4180 19
293 4124 386 4177 debeat
395 4124 652 4192 Wopleensthabeat
661 4125 703 4178 Pr
746 4124 786 4181 20
794 4124 911 4178 refutare
922 4122 1079 4177 Heroldns:
1099 4139 1174 4191 repu-

54 4211 110 4263 tare
124 4210 160 4278 P,
172 4210 318 4279 reputaris
380 4210 419 4267 23
431 4210 564 4278 quaereris
582 4211 609 4263 P
628 4212 639 4279 ΙΙ
658 4212 719 4264 tuto
742 4210 850 4264 silentio
869 4211 1020 4263 Heumann
1088 4208 1126 4265 26
1144 4211 1175 4262 ut

53 4298 145 4362 potero
160 4296 296 4360 Woeoero,
326 4301 423 4349 contra
442 4297 610 4349 Hennenno
629 4312 676 4364 pro
699 4295 802 4349 uiribus
823 4295 969 4349 delendam
993 4294 1142 4349 cedebatur

56 4381 91 4436 27
111 4381 299 4435 oomnitiorum
311 4382 339 4435 P
358 4397 426 4437 corr.
450 4383 482 4436 a'n
500 4382 676 4435 conuiciorum

927 4468 970 4531 2*
