3050 4984
298 337 362 401 100
714 332 863 399 Sulpicii
886 330 1006 385 Seueri

296 490 397 555 neam
420 490 460 554 ad
478 509 550 554 eum
568 487 775 553 confluebant:
798 487 910 569 qnippe
934 485 1124 551 humilitatis
1150 486 1284 568 speciem
1309 502 1361 548 ore
1390 486 1433 549 et

295 592 407 657 habitu
420 592 619 676 praetendens
632 591 778 655 honorem
793 591 841 655 sui
861 592 893 653 et
906 588 1113 655 reuerentiam
1126 588 1247 653 cunctis
1261 587 1428 653 iniecerat.

268 695 419 776 tamque
432 694 585 778 paulatim
598 693 744 776 perfidiae
757 693 849 757 istius
864 691 952 757 tabes
966 692 1110 774 pleraque
1124 691 1292 773 Hispaniae
1306 709 1427 772 perua-

296 800 396 874 serat,
410 798 485 878 quin
498 798 530 861 et
543 796 683 861 nonnulli
695 795 907 877 epIscoporum
922 794 1097 876 deprauati,
1112 794 1279 874 intorques
1291 792 1424 859 Instan-

295 900 360 963 tius
384 901 417 963 et
441 898 604 964 Saluianus
625 898 856 963 Priscillianum
869 915 929 961 non
943 897 1044 961 solum
1059 896 1266 973 consensione,
1289 895 1343 960 sed
1358 896 1421 961 sub
1458 922 1479 960 ⁵

268 1002 429 1082 aquodam
444 1002 540 1066 etiarn
553 1001 761 1065 coniuratione
776 1002 988 1083 susceperant,
1004 1000 1103 1081 quoad
1117 1000 1279 1083 Hyginus,
1302 999 1428 1081 episcc-

295 1123 354 1187 pus
361 1102 572 1180 Cordubensis,
587 1123 624 1167 er
637 1104 738 1168 uicino
754 1122 857 1187 agens,
875 1105 1030 1185 comperta
1045 1102 1242 1167 adeacium
1255 1102 1418 1167 Emeritae

267 1207 484 1276 esacerdotern
492 1208 627 1272 referret
649 1207 760 1270 isuero
775 1207 840 1270 sine
853 1206 943 1271 medo
958 1208 990 1270 et
1004 1206 1087 1271 ultra
1102 1224 1196 1286 quam
1210 1205 1347 1287 oportuit
1363 1206 1423 1269 In-

296 1310 447 1373 stantinm
458 1310 613 1390 sociosque
623 1308 689 1373 eius
704 1310 870 1386 lacessens,
887 1307 986 1375 facem
998 1309 1152 1390 quandam
1162 1308 1301 1372 nascenti
1311 1307 1421 1372 incen-

295 1411 347 1475 dic
361 1412 515 1490 subdidit,
531 1414 567 1476 ut
580 1412 806 1493 exasperauerit
820 1411 918 1475 malos
929 1411 1033 1493 potius
1044 1430 1138 1491 quam
1149 1410 1373 1492 compresserit.
1439 1437 1471 1477 ιο

246 1514 286 1578 lt
338 1514 440 1597 Igitur
460 1516 530 1597 post
551 1514 652 1579 multa
671 1515 754 1578 inter
777 1532 827 1579 eos
854 1531 908 1577 nec
936 1514 1030 1596 digne
1054 1514 1227 1577 memoratu
1247 1514 1421 1578 certamma
1490 1543 1499 1553 ·

295 1616 378 1697 apud
392 1615 669 1699 Caesaraugustam
683 1617 816 1699 synodus
831 1618 1047 1699 congregatur,
1070 1616 1119 1679 cui
1133 1618 1203 1681 tum
1214 1616 1310 1681 etiam
1319 1615 1425 1697 Aqui·

267 1719 361 1787 ataui
372 1718 686 1802 episcopiinterluere.
701 1738 812 1784 uerum
822 1719 968 1783 haeretici
981 1719 1175 1784 committere
1185 1736 1217 1783 se
1227 1718 1341 1783 iudicio
1352 1737 1416 1784 non

295 1820 378 1885 ausi:
400 1821 433 1884 in
458 1821 598 1886 absentes
615 1823 721 1886 tamen
734 1822 800 1886 lata
815 1822 967 1885 sententia
981 1821 1180 1902 damnatique
1195 1820 1366 1885 Instantius
1381 1825 1417 1886 et

267 1921 457 1999 3Salnianns
488 1924 636 2005 episcopi,
668 1924 832 2006 Helpidius
856 1926 889 1987 et
913 1923 1126 1989 Priscillianus
1157 1924 1238 1989 laici.
1272 1923 1416 1989 additum
1434 1950 1465 1991 ιιι

295 2026 392 2090 etiam
401 2028 446 2103 ut,
460 2026 551 2108 siqui
561 2027 721 2091 damnatos
733 2027 767 2090 ln
778 2027 1023 2091 communionem
1036 2026 1211 2108 recepisset,
1229 2026 1322 2091 sciret
1336 2026 1369 2091 In
1380 2046 1415 2092 se

296 2129 424 2193 eandem
444 2129 628 2193 sententiam
647 2130 855 2211 promendam.
880 2132 972 2211 atque
997 2129 1029 2193 id
1050 2130 1169 2195 ithacio
1190 2130 1212 2211 †
1232 2128 1415 2195 Sossubensi

296 2231 435 2315 episcopo
459 2232 617 2315 negotium
637 2233 760 2309 datum,
783 2234 819 2297 ut
834 2233 991 2299 decretum
1006 2234 1215 2316 opiscoporum
1229 2232 1262 2295 in
1277 2233 1416 2297 onmium

294 2334 440 2399 notitiam
451 2334 765 2399 deferretctmarime
771 2336 931 2419 Hyginum
942 2340 1031 2399 extro
1041 2336 1285 2401 communionem
1295 2334 1420 2414 faceret,

295 2437 363 2518 qni,
386 2456 456 2501 cnm
470 2438 588 2519 primus
614 2438 752 2502 omnium
767 2438 921 2503 'insectari
946 2439 1051 2520 palam
1075 2439 1244 2505 haereticos
1259 2440 1462 2521 coepisset,so

267 2542 402 2621 aposta
415 2541 548 2621 turpiter
561 2540 747 2622 deprauatus
767 2540 800 2604 in
815 2542 1059 2605 communionem
1074 2561 1124 2607 sos
1139 2542 1311 2624 recepisset.
1335 2542 1417 2610 into-

295 2642 357 2705 rim
376 2642 547 2706 Instantius
566 2644 598 2706 et
618 2641 780 2707 Saluianus
800 2643 940 2707 damnati
953 2642 1065 2709 iudicio
1081 2646 1274 2711 sacerdotum
1288 2644 1417 2712 Priscae

295 2742 413 2807 lienum
439 2744 533 2807 etiam
557 2743 686 2821 laicum,
720 2744 774 2807 sed
802 2745 972 2829 principem
997 2747 1150 2811 malorum
1175 2748 1328 2824 omnium,
1357 2766 1421 2812 una

296 2862 400 2908 secum
415 2843 697 2928 caesaraugustana
718 2847 832 2929 synode
850 2850 1009 2925 notatum,
1032 2849 1072 2913 ad
1094 2850 1315 2915 confirmandas
1337 2849 1420 2916 uires

296 2965 367 3011 suas
382 2946 557 3029 episcopum
575 2948 609 3011 in
627 2948 769 3014 Abilensi
784 2950 894 3031 oppido
909 2952 1116 3029 constituunt,
1132 2953 1193 3017 rati
1208 2953 1367 3030 nimirum
1389 2953 1419 3018 si
1430 2971 1460 3014 as

295 3048 450 3113 hominem
477 3069 578 3115 acrem
599 3053 630 3115 et
652 3051 801 3117 callidum
822 3053 1003 3119 sacerdotali
1025 3056 1209 3120 auctoritate
1232 3059 1416 3135 armassent,

267 3151 424 3217 btutiores
438 3152 502 3217 fore
517 3173 590 3219 sese.
613 3156 683 3218 tum
694 3173 766 3219 uero
777 3154 911 3221 Ydaoius
922 3159 1015 3238 atque
1025 3157 1164 3223 Ithacius
1173 3160 1273 3223 acrius
1288 3161 1415 3238 Instare,

347 3423 365 3480 6
382 3425 467 3492 quoad
478 3425 601 3495 Hyginus
613 3426 647 3480 de
659 3427 758 3480 Proto:
771 3429 953 3497 quoadyginus
965 3428 1003 3493 P,
1018 3430 1074 3496 Quo
1086 3430 1223 3500 Adyginus
1236 3432 1251 3484 b
1305 3432 1323 3487 7
1342 3448 1412 3486 corn-

294 3512 382 3579 pertc,
395 3511 428 3564 ad
439 3512 556 3565 Idatium
565 3513 689 3565 emeritae
701 3514 799 3566 aetatis
812 3513 973 3568 sacerdotem
985 3516 1066 3569 refert
1078 3518 1093 3570 b
1117 3520 1129 3585 Η
1152 3518 1273 3586 ydatium
1286 3518 1313 3570 P
1324 3520 1364 3585 (et
1376 3520 1417 3573 sic

293 3597 400 3664 infralz
418 3597 536 3651 idatium
546 3599 631 3667 uulgo
701 3599 736 3654 11
754 3616 802 3653 nec
818 3600 920 3653 Voacla:
939 3604 966 3654 et
987 3602 1030 3655 Pb
1101 3603 1139 3658 14
1155 3605 1245 3656 tamen
1258 3604 1298 3656 P:
1316 3606 1374 3656 tum
1395 3606 1413 3658 b

347 3682 383 3740 15
401 3683 517 3751 episcopi
533 3684 669 3737 Dracina:
688 3687 782 3753 epsP;
801 3687 835 3753 cf.
850 3688 979 3753 11‚39,7
1032 3688 1068 3743 16
1081 3688 1204 3757 siquisb
1259 3689 1295 3745 17
1314 3690 1414 3743 Itacius
1506 3748 1507 3751 Ἴ

294 3767 503 3835 (aealthacins)
518 3769 690 3822 scribendam
710 3786 764 3822 esee
785 3770 879 3824 docere
899 3774 992 3826 conati
1011 3781 1077 3827 eant
1098 3775 1197 3827 Florae
1218 3782 1243 3827 et
1269 3774 1413 3829 Giracse'as

294 3853 419 3919 Hispani
441 3855 452 3920 ΙΙ
475 3853 648 3907 Ossoncbensi
667 3855 723 3922 (uel
734 3855 884 3925 Oromensi)
897 3857 1025 3927 Sigonius
1030 3880 1041 3926 ;
1058 3860 1129 3913 illaad
1150 3862 1207 3927 (ael
1226 3860 1415 3931 Ossonubensi)

293 3938 471 3991 aaraimdc'ac
481 3938 594 3991 aidctar
605 3945 631 3991 et
638 3941 830 4008 plerorumque
840 3944 1030 3997 historicorum
1041 3962 1181 3999 assensum
1192 3947 1257 3999 tolle
1338 3946 1374 4003 19
1386 3950 1415 4000 et

294 4022 405 4086 addidi,
422 4024 585 4091 maximeque
606 4025 621 4077 t
644 4026 656 4091 ΙΙ
678 4025 790 4093 yginum
805 4027 832 4079 P
852 4030 864 4095 Η
886 4031 961 4081 extra
972 4032 1179 4085 communionem
1190 4032 1289 4085 iaceret
1303 4033 1332 4086 b:
1346 4049 1414 4086 corn·

293 4108 416 4161 munione
424 4109 483 4176 (ced
496 4112 508 4123 ”
520 4112 639 4176 erasum)
651 4110 750 4163 iaceret
760 4112 794 4175 P,
807 4113 870 4179 fort.
884 4116 1064 4169 communione
1075 4121 1177 4171 arceret
1189 4119 1245 4187 (aet
1257 4121 1413 4188 secerneret)

345 4193 638 4264 caesaraugustana
650 4196 787 4264 synoddP
831 4200 869 4256 25
882 4200 1006 4254 labilensi
1017 4203 1054 4267 P,
1065 4220 1111 4257 em.
1124 4204 1254 4273 Siyoaiae
1301 4205 1338 4261 27
1351 4205 1415 4274 yda-

293 4275 350 4328 tius
363 4280 441 4345 atque
456 4281 569 4334 ithatius
582 4282 610 4335 P
