3050 4984
1135 398 1213 448 XVII

102 556 227 631 menti
246 556 431 631 diuinae
453 554 655 630 trihaeas
673 556 988 654 principatum.
1008 553 1213 627 Heraclides

95 677 249 774 ponticas
270 702 403 775 qaoque
425 678 489 751 aleo
512 677 674 751 latrinam
691 689 839 751 mentem
856 674 1016 773 aramma
1028 674 1129 748 uarie
1147 676 1211 747 ael·

99 795 216 870 rcrlhit.
249 794 507 894 Theophrastus
529 810 560 871 et
582 795 705 871 Zeaoa
727 808 757 870 et
784 792 999 895 Chrysippus
1029 807 1061 867 et
1086 791 1211 867 Cleare-

99 914 160 989 thes
179 929 260 991 satit
288 929 320 989 et
346 915 419 1013 ipsi
439 916 692 1013 multiformes,
730 918 791 990 secl
817 917 865 989 ml
889 914 1060 988 ciuitatem
1081 915 1211 1011 proui-

99 1035 224 1109 dentiae
248 1061 366 1115 omues
394 1038 631 1110 reaolaimtar.
673 1038 769 1110 hunc
796 1036 915 1109 locum
942 1059 1051 1130 graue
1077 1032 1211 1106 uitium

98 1154 241 1229 traxisse
269 1156 384 1228 cuiuis
419 1155 575 1229 intuenti
612 1156 730 1255 primo
764 1167 910 1254 aspectu
936 1153 1038 1227 facile
1063 1179 1211 1252 appare-

98 1273 157 1364 bit,
184 1276 249 1348 sed
275 1275 363 1347 illud
392 1300 532 1349 comma
557 1272 727 1350 ‘aristoles
745 1276 1037 1373 pomtr'cm--
1058 1272 1210 1347 tribueres

93 1395 336 1495 prirrcipatam'
356 1422 451 1486 non,
470 1406 512 1468 ut
530 1396 710 1495 plerisque
728 1422 813 1469 cum
826 1394 984 1471 Heraldo
1002 1405 1039 1467 et
1052 1394 1210 1467 Meursio

97 1516 204 1587 uisum
233 1525 306 1605 est,
335 1515 434 1588 uelut
460 1515 639 1613 glossema
665 1516 937 1614 expellendum,
966 1516 1029 1587 sed
1048 1540 1114 1587 suo
1131 1514 1211 1587 loco

97 1646 226 1709 motum
251 1662 330 1709 esse
353 1647 478 1709 nostra
500 1637 650 1709 demum
673 1647 790 1709 aetate
813 1635 852 1709 Ο.
867 1636 1045 1709 Roeren
1073 1634 1110 1707 in
1141 1634 1212 1707 Mi-

29 1808 30 1841 2
97 1755 249 1828 nucianis
279 1754 447 1828 Coloniae
474 1782 503 1827 a.
534 1759 630 1829 1859
660 1756 768 1829 editis
795 1767 892 1829 recte
919 1756 1113 1853 perspexit.
1140 1754 1210 1828 hoc

98 1886 233 1973 apparet
268 1902 315 1949 ex
352 1874 536 1949 Ciceronis
569 1875 649 1949 loco
677 1901 786 1973 quem
813 1876 993 1951 Minucius
1020 1875 1211 1973 expressit,

98 1995 133 2067 de
157 1996 313 2091 deorum
339 2006 409 2069 nat.
437 1996 520 2090 I‚‚§
551 1999 616 2069 35:
656 1994 733 2069 Nec
767 2021 851 2070 aero
892 1994 1124 2093 Theophrasti
1155 1996 1213 2068 ira-

98 2115 286 2189 caastamtia
303 2115 459 2211 seremla
484 2129 553 2189 est:
579 2118 683 2190 modo
712 2116 805 2190 earm
831 2117 941 2189 meriti
965 2116 1126 2189 dirimam
1149 2116 1212 2188 tri·

98 2231 157 2307 huit
175 2236 442 2333 proicerpatam,
468 2239 573 2309 morlo
601 2238 715 2326 caela,
744 2248 818 2309 tam
845 2249 959 2309 aatem
985 2236 1095 2332 siparis
1121 2237 1212 2309 sirle-

96 2352 246 2454 rihasqae
288 2354 495 2429 caelestihas.
538 2355 821 2454 disputationem
855 2366 973 2428 autem
999 2355 1146 2427 Minucii
1173 2356 1227 2456 in¹

97 2471 240 2548 lectione
267 2474 415 2571 uulgari
442 2500 516 2547 non
543 2476 721 2573 integram
750 2500 828 2548 esse
855 2474 911 2547 uel
939 2475 1025 2547 hinc
1049 2474 1212 2571 intellegi
1258 2547 1273 2557 ,

95 2603 247 2691 poterat,
277 2595 375 2692 quod
401 2605 484 2693 post
511 2595 569 2667 illa
597 2594 706 2668 uerba
731 2589 1005 2692 ‘Theophrastus
1031 2607 1063 2668 et
1088 2592 1212 2667 Zereoa

97 2726 121 2785 et
148 2712 364 2815 Chrysippus
398 2728 429 2788 et
459 2712 638 2789 Cleanthes
677 2728 757 2789 sarit
796 2728 829 2789 et
866 2716 938 2813 ipsi
974 2714 1211 2811 maltplormes'

96 2833 197 2907 trium
242 2834 485 2932 posteriorum
513 2835 814 2934 philosophorum
846 2825 1047 2908 'sententiae
1074 2836 1118 2906 de
1145 2834 1214 2905 deo

96 2954 304 3027 nominatim
327 2955 566 3041 adferuntur,
590 2956 833 3054 Theophrasti
854 2956 965 3029 solius
987 2956 1213 3055 praetermit-

96 3072 193 3165 titur,
241 3086 283 3147 ut
319 3076 420 3173 quasi
458 3075 695 3148 inhonoratus
721 3076 893 3149 dimissus
921 3101 999 3149 esse
1039 3074 1213 3147 uideatur.

97 3192 175 3267 illud
201 3220 348 3294 quoque
374 3194 411 3266 in
439 3195 587 3291 uulgata
627 3195 780 3268 lectione
820 3195 1058 3268 offensionem
1095 3193 1213 3282 habet,

29 3398 30 3409 χ
98 3315 183 3408 quod
211 3314 482 3413 Theophrastus
522 3341 604 3389 cum
644 3314 792 3406 Stoicis,
834 3317 879 3389 de
915 3314 1046 3412 quibus
1088 3313 1215 3387 Cicero

98 3428 117 3502 wl.
142 3458 168 3505 c.
202 3433 289 3506 inde
321 3460 341 3507 a
380 3437 400 3527 ξ
429 3436 475 3507 36
503 3436 651 3534 proprie
690 3435 783 3532 agit,
824 3446 867 3507 ut
902 3434 1064 3509 eiusdem
1096 3443 1215 3507 sectae

99 3552 328 3653 philosophus
362 3581 436 3633 uno
470 3565 597 3628 tenore
640 3554 883 3653 coniungitur.
928 3580 994 3629 nec
1025 3565 1146 3627 tamen
1173 3551 1213 3625 C.

99 3670 228 3747 hoeren
268 3674 337 3747 loci
381 3675 671 3749 emendationem
716 3701 986 3750 consummasse
1030 3674 1214 3773 putandus

100 3804 167 3882 est,
194 3820 278 3868 cum
306 3796 466 3867 siceum
494 3794 729 3869 scribendum
756 3821 835 3869 esse
861 3796 1065 3895 proposuit:
1101 3791 1214 3867 ttae-

96 3908 251 4005 phrastus
276 3913 412 4003 uariat,
442 3914 531 3989 alias
556 3918 704 4005 maredo,
733 3916 824 3989 alias
852 3916 962 3990 memi
985 3914 1128 3989 eliha'rtae
1150 3913 1214 3985 tri-

101 4027 193 4107 hums
205 4034 454 4132 principatum
471 4047 503 4107 et
516 4032 640 4109 Zereoa
659 4046 725 4108 etc.
745 4037 809 4109 sed
826 4034 960 4109 rectius
973 4031 1215 4108 Vahlenius

101 4147 266 4227 intellexit
302 4153 503 4227 orationem
546 4156 598 4229 sic
637 4156 760 4255 potius
803 4155 1082 4229 continuandam
1116 4177 1215 4226 esse:

104 4266 347 4371 theophrastus
370 4273 475 4347 etiam
498 4276 581 4374 (pro
602 4277 648 4373 et)
671 4276 828 4351 uariat..
856 4273 1008 4349 tribueras
1023 4272 1217 4371 priucipa-

75 4398 173 4440 ,η
991 4394 1011 4457 b
