3050 4984
453 1466 900 1581 Praefatio.

574 1767 778 1777 ——--

157 2096 278 2192 Aurei
314 2114 444 2208 libelli,
487 2114 550 2214 qui
586 2112 798 2189 inscribitur
836 2112 1083 2206 Octauius,
1129 2143 1242 2189 unum

14 2322 15 2339 χ
108 2235 315 2335 exemplum
339 2236 384 2308 ad
406 2245 560 2309 aetatem
582 2245 744 2309 nostram
774 2235 958 2333 peruenit,
991 2235 1090 2333 quod
1123 2247 1243 2309 exstat

108 2354 145 2427 in
169 2354 294 2429 oodioe
317 2354 483 2429 Parisino
505 2382 540 2429 n.
567 2358 678 2446 1661,
709 2352 864 2427 Arnobii
887 2364 1026 2453 septem
1047 2353 1150 2429 libris
1178 2356 1241 2427 ad-

14 2458 15 2521 l
110 2501 237 2550 uersus
259 2474 425 2550 nationes
448 2476 641 2549 adnexum.
676 2474 861 2547 inuenitur
882 2472 941 2547 ille
964 2473 1109 2573 quidem
1134 2475 1242 2549 etiam

108 2596 293 2670 inmodice
311 2595 557 2688 Bruxellensi,
583 2596 646 2669 sad
668 2595 766 2668 huno
788 2594 1034 2693 apographum
1054 2594 1241 2669 essePari-

109 2715 180 2789 sini
216 2716 356 2788 dudum
387 2715 431 2788 ab
466 2714 676 2789 hominibus
711 2713 880 2789 litteratis
916 2714 1139 2788 intellectum
1175 2725 1241 2789 est.

109 2835 307 2909 editionem
330 2846 449 2910 autem
481 2834 699 2935 prinoipem,
732 2860 824 2934 quae
853 2834 1027 2908 Fausto
1064 2833 1241 2909 Sabaeo

108 2954 332 3029 Brixiano
356 2966 504 3030 curante
530 2955 668 3030 Romae
694 2981 724 3027 a.
746 2957 844 3029 1543
868 2955 1023 3055 prodiit,
1053 2980 1101 3029 ex
1118 2954 1243 3029 oodioe

107 3074 273 3149 Parisino
291 3075 443 3150 fluxisse
465 3101 513 3149 ex
534 3075 622 3176 ipsis
641 3074 717 3149 eius
731 3074 947 3149 lectionibus
966 3074 1055 3148 satis
1075 3085 1239 3174 apparet:

110 3196 152 3267 de
167 3221 238 3293 qua
251 3221 291 3268 re
302 3195 474 3293 quoniam
482 3194 661 3269 dubitatio
672 3194 826 3269 subnata
835 3205 908 3285 est,
919 3206 1061 3294 praeter
1070 3196 1242 3269 lectiones

109 3314 264 3389 Parisini
287 3314 484 3414 scripturas
508 3341 654 3414 quoque
677 3314 847 3389 editionis
869 3314 1043 3415 principis
1074 3315 1110 3388 in
1140 3341 1239 3389 oom-

109 3434 326 3509 mentarium
344 3435 508 3509 oritioum
523 3434 747 3535 recipiendas
762 3434 1062 3527 existimauimus‚
1080 3461 1242 3535 praeser-

108 3554 173 3628 tim
196 3580 280 3629 oum
302 3555 369 3628 hae
391 3553 490 3654 ipsae
520 3580 601 3629 oum
624 3554 841 3629 lectionibus
872 3554 949 3629 siue
977 3554 1098 3654 potius
1122 3580 1242 3629 emen-

109 3673 316 3748 dationibus
339 3674 496 3748 Fuluii
519 3673 698 3766 Vrsini,
729 3675 792 3774 qui
824 3676 1018 3749 secundam
1046 3674 1242 3749 editionem

108 3794 310 3869 Romanam
331 3821 362 3870 a.
385 3794 655 3888 maturauit,
678 3820 784 3894 saepe
805 3795 977 3869 confusae
1000 3794 1083 3869 sint.
1107 3793 1241 3869 codicis

108 3925 227 3988 autem
250 3914 407 3988 Parisini
428 3913 602 3989 lectiones
630 3914 668 3988 in
691 3941 797 3989 usum
831 3925 996 3989 nostrum
1019 3914 1150 3988 iterum
1175 3940 1241 3989 ex·

108 4034 253 4134 scripsit
287 4035 498 4109 Andreas
533 4034 830 4127 Laubmann,
879 4034 1014 4110 sodalis
1057 4035 1241 4133 quondam

107 4153 290 4228 seminarii
312 4153 523 4253 philologici
532 4154 772 4247 Monacensis,
796 4155 859 4254 qui
880 4166 980 4230 tanta
998 4154 1185 4254 diligentia
1202 4155 1241 4230 in

109 4300 173 4348 suo
197 4274 346 4373 negotio
371 4284 537 4349 uersatus
560 4285 627 4367 est,
650 4286 692 4348 ut
715 4275 882 4350 denullo
899 4275 970 4349 iam
988 4273 1069 4350 loco
1084 4274 1243 4350 dubitari
