3050 4984
309 359 351 422 88
721 358 872 427 Sulpicii
890 358 1006 411 Seueri

258 516 299 580 34
351 513 499 579 Eiusdem
525 514 649 597 reginae
676 514 821 579 beneficio
849 533 922 578 crux
948 514 1074 578 Domini
1101 515 1171 577 turn
1198 516 1333 595 reperta:
1357 534 1441 597 quae

307 634 405 698 neque
425 616 458 680 in
479 616 627 698 principio
648 617 869 682 obsistentibus
892 617 1014 681 Iudaeis
1036 618 1178 698 potuerat
1198 618 1381 695 consecrari,
1405 620 1442 683 et

307 720 414 800 postea
428 719 549 784 dirutae
564 721 701 785 ciuitatis
717 738 860 802 oppressa
874 719 1050 796 ruderibus,
1073 721 1208 784 nonnisi
1222 722 1289 785 tarn
1302 720 1448 785 fideliter

281 822 474 903 esequirenti
489 823 604 887 meruit
614 824 741 887 ostendi.
759 823 856 907 igitur
870 823 988 887 Helena
1003 823 1139 905 primum
1154 823 1271 888 deloco
1286 824 1442 905 passionis

309 925 419 989 certior
433 924 531 1002 facta,
547 926 673 990 admota
686 926 818 991 militari
833 944 926 991 manu
941 927 1033 1008 atque
1048 926 1186 991 omnium
1200 926 1441 1007 prouincialium
1473 945 1488 981 ⁵

306 1027 509 1092 multitudine
522 1029 556 1092 in
571 1029 674 1093 studia
687 1030 812 1113 reginae
826 1030 1028 1107 certantium,
1052 1029 1143 1093 effodi
1166 1030 1281 1094 terram
1307 1031 1339 1094 et
1364 1048 1440 1094 con-

201 1141 209 1157 '
306 1131 396 1213 tigna
418 1150 554 1212 quaeque
577 1152 612 1196 ac
634 1132 814 1197 uastissima
835 1133 993 1197 ruinannn
1015 1134 1141 1216 purgari
1156 1133 1258 1197 iubet:
1280 1150 1352 1197 mox
1365 1152 1440 1213 pre-

306 1234 387 1297 tium
412 1233 485 1297 fidei
506 1236 537 1298 et
562 1234 676 1300 laboris
695 1236 759 1299 tres
774 1235 889 1316 pariter
903 1255 1020 1313 cruces,
1044 1237 1124 1301 sicut
1149 1236 1223 1301 olim
1244 1236 1374 1300 Domino
1401 1254 1439 1301 ac

278 1336 477 1401 3latronibus
506 1338 625 1401 duobus
653 1337 730 1401 fixae
760 1337 896 1415 fuerant,
930 1340 1130 1419 reperiuntur.
1154 1340 1205 1403 hic
1234 1358 1307 1403 uero
1336 1338 1440 1405 maior

306 1440 483 1505 dinoscendi
496 1440 645 1522 patibuli,
662 1458 720 1522 quo
735 1442 886 1505 Dominus
901 1442 1099 1523 pependerat,
1116 1441 1284 1507 difficultas
1296 1442 1482 1506 omnium1o

306 1544 424 1607 animos
444 1544 623 1625 mentesque
642 1544 838 1623 turbauerat,
861 1563 899 1608 ne
914 1562 1013 1609 errore
1032 1545 1212 1609 mortalium
1227 1544 1358 1610 forsitan
1379 1563 1438 1628 pro

277 1660 394 1714 dcruce
419 1646 545 1710 Domini
580 1647 708 1711 latronis
731 1647 907 1727 patibulum
934 1650 1151 1712 consecrarent.
1176 1649 1301 1729 capiunt
1326 1647 1439 1712 deinde

305 1749 482 1827 consilium,
499 1750 535 1812 ut
549 1750 683 1831 aliquem
698 1768 802 1814 recens
817 1751 974 1813 mortuum
989 1750 1129 1815 crucibus
1150 1751 1356 1815 admouerent.
1379 1770 1439 1815 nec

270 1921 273 1934 Λ
306 1869 406 1927 mora,
430 1853 518 1932 quasi
532 1852 592 1915 Dei
605 1852 682 1916 nutu
700 1852 792 1917 funus
808 1853 935 1917 extincti
951 1853 1150 1918 sollemnibus
1166 1854 1301 1935 exequiis
1316 1852 1436 1918 defere-

277 1953 398 2032 5batur
412 1971 618 2036 concursuque
632 1956 770 2019 omnium
789 1954 901 2019 feretro
922 1973 1030 2038 corpus
1051 1956 1188 2037 eripitur.
1213 1957 1332 2021 duabus
1347 1957 1435 2038 prius
1444 1982 1477 2019 15

305 2055 422 2120 frustra
437 2057 576 2121 crucibus
591 2059 739 2135 admotis,
755 2058 810 2122 ubi
826 2058 940 2123 Christi
952 2059 1091 2139 patibulo
1103 2060 1255 2133 adactum
1266 2060 1328 2136 est,
1345 2059 1435 2124 dictu

305 2159 462 2237 mirabile,
485 2161 711 2241 trepidantibus
726 2162 861 2239 cunctis,
885 2161 976 2226 funus
992 2181 1154 2227 excussum
1169 2163 1201 2227 et
1215 2162 1295 2225 inter
1311 2164 1433 2245 specta-

302 2262 384 2355 tores
400 2281 470 2326 suos
486 2263 602 2327 astit't:
625 2284 699 2328 crux
712 2267 834 2345 reperta
848 2265 1001 2348 dignoque
1016 2265 1136 2329 ambitu
1151 2267 1334 2330 consecrata.

253 2376 293 2439 35
346 2365 405 2430 His
419 2384 474 2447 per
487 2366 640 2431 Helenam
660 2368 772 2451 gestis,
795 2368 931 2449 principe
952 2367 1125 2433 Christiano
1146 2368 1323 2433 libertatem
1339 2370 1433 2449 atque

303 2470 478 2550 exemplum
492 2469 564 2533 fidei
578 2471 712 2534 mundus
728 2472 901 2551 acceperat:
925 2472 978 2534 sed
998 2470 1088 2553 longe
1110 2471 1243 2535 atrocius
1258 2470 1432 2552 perieulum
1444 2494 1472 2535 ao

303 2572 421 2636 cunctis
450 2574 587 2637 ecclesiis
621 2574 677 2635 illa
710 2592 785 2653 pace
814 2574 1003 2655 generatum.
1038 2593 1169 2654 namque
1188 2576 1268 2638 tum
1297 2574 1432 2638 haeresis

302 2672 435 2737 Arriana
463 2676 603 2756 prorupit
637 2674 798 2755 totumque
832 2676 936 2739 orbem
971 2676 1082 2741 iniecto
1113 2694 1211 2741 errore
1240 2677 1430 2741 turbauerat.

275 2775 550 2840 recommonens
565 2776 667 2841 Arriis
682 2777 839 2842 acerrimis
859 2777 1004 2859 perfidiae
1023 2780 1115 2844 buius
1136 2779 1311 2845 auctoribus
1331 2780 1433 2861 impe·

302 2878 386 2941 rator
401 2878 496 2942 etiarn
511 2879 705 2959 deprauatns,
722 2880 797 2943 dum
813 2880 872 2945 sibi
887 2881 1046 2965 religionis
1061 2882 1199 2947 officium
1219 2882 1343 2947 uidetur
1367 2884 1431 2946 im-

301 2980 399 3061 plere,
422 2981 489 3045 uim
503 2983 722 3063 persecutionis
748 2984 897 3048 exercuit:
927 2986 1048 3066 actique
1073 2986 1106 3049 in
1132 2985 1258 3049 erilium
1284 2986 1430 3067 episcopi,
1442 3012 1468 3054 aa

265 3076 271 3088 “
301 3084 456 3148 saeuitum
475 3086 508 3149 in
528 3085 668 3164 clericos,
692 3087 942 3151 animaduersum
963 3088 996 3151 in
1009 3088 1119 3164 laicos,
1143 3089 1195 3169 qui
1219 3106 1250 3153 se
1266 3088 1304 3152 ab
1319 3087 1431 3153 Arrio-

272 3202 370 3255 3rum
392 3190 603 3253 communione
629 3192 830 3254 secreuerant.
855 3210 933 3271 quae
959 3191 1063 3254 autern
1088 3190 1174 3254 Arrii
1198 3190 1429 3272 praedicabant,

300 3292 388 3354 erant
401 3290 594 3355 huiusmodi:
614 3294 735 3374 patrem
749 3294 851 3357 Deum
866 3294 1047 3358 instituendi
1070 3294 1152 3358 orbis
1173 3312 1265 3358 cause
1286 3294 1429 3377 genuisse

404 3478 419 3532 l
439 3494 493 3546 cap.
513 3478 552 3534 34
569 3495 600 3531 ex
611 3442 720 3533 Paulini
737 3496 776 3548 ep.
796 3480 821 3537 5.
880 3480 917 3536 27
928 3511 960 3517 -
970 3497 994 3548 p.
1009 3480 1060 3544 89,
1084 3481 1102 3536 2
1121 3496 1152 3533 ex
1163 3480 1269 3533 Hilario
1280 3480 1376 3549 fragm.
1388 3480 1427 3545 Π,

299 3562 338 3619 26
350 3563 397 3615 col
412 3562 470 3619 642
483 3564 522 3617 ed.
535 3565 629 3618 Veron.
645 3564 729 3621 1730.

256 3793 259 3800 ‚
350 3734 469 3804 rpeiam
482 3734 509 3787 P
562 3734 808 3803 ludgunensis
827 3737 839 3802 ΙΙ
856 3752 906 3803 quo
919 3736 959 3789 P:
983 3736 1012 3789 in
1033 3752 1083 3803 quo
1108 3737 1123 3788 b
1190 3734 1227 3791 14
1244 3735 1323 3789 funus
1336 3737 1374 3799 P,
1394 3743 1428 3790 ut

297 3822 367 3876 cont
382 3820 524 3890 Sigonius:
537 3819 638 3873 funeris
650 3821 665 3873 b
681 3822 693 3887 11
709 3822 789 3874 imaro
801 3820 971 3885 efferebatur,
984 3828 1016 3875 ut
1028 3822 1230 3889 Hofmee'sterus
1239 3838 1344 3891 quoque
1352 3821 1428 3876 uadit

349 3908 387 3963 22
404 3906 520 3960 Arriano
531 3904 565 3958 de
576 3906 676 3959 Proto:
695 3905 796 3959 arriani
814 3908 847 3970 P,
866 3906 939 3961 Arrii
957 3909 972 3961 b
991 3908 1030 3976 (P
1040 3924 1145 3978 semper
1162 3909 1241 3963 babet
1258 3908 1356 3971 arrius,
1375 3910 1427 3962 etsc'

296 3992 396 4047 nomen
405 3998 444 4046 eat
455 4008 583 4061 praecum
590 3990 702 4061 Ἀρεῖος)
718 3995 730 4060 ΙΙ
746 3990 844 4045 iniecto
854 3994 892 4046 P:
906 3994 1010 4047 inuecto
1023 3995 1038 4047 b
1086 3994 1125 4051 24
1136 3995 1298 4062 deprauatns
1310 3994 1372 4047 dum
1385 3994 1425 4048 P:

296 4078 470 4147 deprauatur:
488 4076 630 4145 dumqueb
652 4078 664 4145 ΙΙ
684 4078 801 4146 regionis
814 4079 843 4132 P
892 4078 930 4135 26
944 4080 1143 4134 animaduersus
1154 4082 1181 4133 P
1196 4082 1208 4149 ΙΙ
1224 4081 1395 4133 Arrianorum
1408 4081 1424 4133 b

348 4164 386 4219 27
398 4164 507 4218 Arriani
518 4165 534 4217 b
580 4162 618 4219 28
630 4163 810 4216 huiuscemodi
823 4163 838 4217 b
856 4164 868 4232 ΙΙ
883 4164 961 4218 deum
974 4168 1011 4219 P:
1027 4166 1135 4219 Domini
1147 4167 1162 4219 b
1175 4166 1277 4235 (praue
1288 4166 1425 4219 intellecto

296 4250 455 4316 compcuda'c
472 4252 504 4304 tn
525 4249 630 4318 Pena
649 4249 726 4316 apud
746 4249 891 4303 Haterium
912 4257 962 4303 cet:
986 4252 1130 4305 tradebant
1151 4254 1239 4306 autem
1260 4251 1320 4305 Arii
1340 4251 1423 4303 talias

294 4337 399 4402 patrem
419 4336 505 4388 Deum
528 4334 689 4388 instituendi
709 4334 781 4387 orbis
805 4351 884 4389 cause
904 4336 1027 4403 genuisse
1048 4337 1146 4400 filium,
1174 4339 1202 4389 et
1221 4352 1269 4405 pro
1289 4338 1423 4405 potestate
