3050 4984
254 344 296 410 36
669 339 816 410 Sulpicii
834 339 949 394 Seueri

252 498 331 562 nutu
345 497 404 562 Dei
423 496 456 561 in
476 495 583 580 fugam
600 496 680 560 uersi
700 514 760 560 non
781 495 910 578 imperia
929 496 1051 578 exequi,
1066 514 1127 560 non
1141 496 1261 560 ordines
1276 496 1379 560 obser·

252 619 334 678 uere,
350 618 438 666 omne
452 599 638 682 praesidium
652 598 685 663 in
699 599 828 681 pedibus
841 599 960 664 babere.
982 599 1063 682 quod
1082 599 1136 664 ubi
1151 598 1225 663 Saul
1239 599 1378 664 animad-

252 703 361 782 uertit,
383 702 446 767 suis
466 719 590 784 propere
610 701 728 766 eductis
748 701 901 786 fugientes
921 703 1097 784 persecutus
1118 701 1248 766 uictoria
1261 702 1380 784 potitus

223 807 307 870 test.
330 823 364 870 eo
386 805 436 870 die
457 824 508 869 rex
529 804 659 870 edixisse
680 804 828 882 traditur,
851 822 889 869 ne
910 803 980 886 quis
998 803 1060 870 nisi
1080 803 1224 870 confectis
1238 803 1379 868 hostibus
1399 855 1403 864 .

251 908 354 974 cibum
369 910 497 991 caperet.
519 908 572 972 sed
587 908 715 972 Ionatha
735 907 893 972 interdicti
913 908 1034 972 nescius
1047 908 1118 972 fauo
1132 908 1259 990 reperte,
1281 908 1379 974 tincto
1403 924 1417 962 ⁵

251 1012 382 1093 spiculo,
405 1012 468 1076 mel
487 1011 712 1095 degusteuerat.
735 1011 770 1075 id
783 1011 840 1074 nbi
853 1011 919 1094 regi
934 1029 969 1076 er
983 1011 1043 1076 Dei
1057 1011 1103 1076 ira
1117 1012 1306 1094 compertum
1320 1013 1378 1090 est,
1513 1009 1520 1014 ’

250 1115 348 1180 morte
367 1112 450 1183 affici
469 1113 569 1178 lilium
591 1114 690 1178 iussit.
714 1114 767 1178 sed
787 1113 893 1195 populi
912 1114 1026 1178 anxilio
1046 1115 1085 1178 ab
1099 1114 1191 1179 exitio
1205 1114 1379 1179 uindicatus

222 1217 305 1281 eost.
327 1235 362 1282 ea
375 1217 556 1299 tempestate
571 1216 695 1282 Samuel
709 1235 728 1280 a
741 1217 807 1280 Deo
821 1216 958 1282 monitus
972 1234 1077 1301 regem
1091 1217 1183 1297 adiit,
1203 1217 1305 1283 uerbis
1318 1218 1379 1282 Dei

248 1320 403 1399 nuntians,
418 1320 466 1384 uti
480 1320 565 1405 genti
573 1319 731 1398 Amalech,
748 1338 825 1401 quae
839 1319 915 1384 olim
921 1320 1077 1384 Hebraeos
1091 1320 1276 1404 enAegypto
1290 1321 1378 1386 neni-

250 1423 333 1488 entes
347 1423 479 1488 transitu
494 1423 704 1505 prohibuerat,
725 1423 844 1487 bellum
858 1422 998 1502 inferret,
1019 1423 1124 1487 addito
1139 1423 1317 1501 interdicte,
1338 1442 1379 1488 ne
1389 1441 1417 1480 ιο

200 1526 324 1608 loquid
344 1545 380 1592 en
401 1526 507 1608 spoliis
535 1527 726 1592 deuictorum
754 1526 986 1607 concupisceret.
1015 1525 1061 1590 ita
1085 1525 1118 1590 in
1144 1525 1219 1590 fines
1239 1524 1378 1590 bostium
1515 1533 1522 1539 ’

248 1628 358 1694 duetus
380 1630 545 1709 exercitus,
567 1648 618 1692 rer
640 1630 756 1710 ceptus,
779 1647 854 1712 gens
876 1629 1011 1694 subacta.
1034 1626 1107 1692 Saul
1129 1628 1230 1692 uictus
1249 1619 1378 1712 praedae

199 1826 238 1889 34
249 1832 344 1898 iubet.
366 1851 426 1916 quo
440 1834 521 1900 facto
536 1834 667 1899 offensus
681 1835 765 1898 Deus
780 1834 953 1900 Samuelem
966 1833 1147 1917 alloquitur:
1168 1834 1319 1916 paenitere
1333 1853 1376 1913 se,

221 1937 329 2016 uquod
344 1936 417 2001 Saul
431 1956 535 2022 regem
557 1937 759 2002 constituerit.
784 1938 903 2001 dictum
917 1937 1055 2002 sacerdos
1069 1938 1135 2021 regi
1149 1937 1251 2004 refert.
1272 1957 1342 2003 mox
1356 1956 1413 2002 ars

248 2039 312 2102 Deo
332 2040 467 2106 monitus
482 2040 584 2105 Dauid
606 2041 702 2124 regali
722 2041 877 2124 unguento
897 2040 1038 2122 perlinit,
1060 2059 1190 2123 paruum
1204 2041 1375 2106 etiamnum

247 2159 375 2221 puerum
395 2143 452 2208 sub
472 2144 558 2226 petre
578 2145 735 2226 agentem,
757 2144 912 2226 pastorem
933 2143 1054 2222 ouium,
1076 2145 1233 2210 assuetum
1254 2144 1374 2226 caepim

248 2244 363 2312 cithara
377 2265 496 2313 enuere:
519 2249 557 2314 ob
572 2249 654 2331 quod
667 2249 772 2330 postea
786 2266 805 2311 a
818 2247 909 2312 Saule
930 2248 1107 2328 assumptus
1121 2246 1202 2312 inter
1215 2246 1373 2312 ministros

219 2334 535 2429 engeramnum.
558 2371 618 2434 qua
632 2352 815 2433 tempestato
829 2350 1005 2433 allophylis
1019 2351 1110 2432 aeuo
1125 2350 1273 2414 Hennes
1291 2349 1372 2413 neno

246 2446 458 2532 flagrantibus,
480 2475 551 2520 eum
571 2475 607 2519 en
626 2456 752 2520 aduerso
774 2454 854 2518 acies
869 2453 1086 2531 constitissent,
1107 2451 1232 2517 Goliath
1247 2452 1374 2536 qnidam
1383 2471 1412 2511 so

247 2569 282 2614 0¹
297 2549 485 2634 Aidepsos,
505 2559 555 2622 uir
569 2558 665 2622 mirae
679 2556 903 2641 magnitudinis
918 2557 949 2620 et
962 2556 1093 2634 roboris,
1115 2574 1241 2620 suorum
1254 2556 1374 2620 ordines

247 2651 498 2735 praetergressus,
519 2659 670 2724 ferocibus
690 2659 792 2724 uerbis
814 2659 925 2741 probra
945 2659 978 2723 in
992 2660 1094 2723 hostes
1108 2659 1221 2727 iaciens
1236 2659 1373 2743 singula·

218 2759 313 2817 4rem
328 2772 464 2836 pugnum
479 2760 583 2826 ciebat.
606 2763 675 2826 tum
695 2781 746 2827 rex
760 2782 874 2846 magna
892 2763 1028 2844 praemia
1041 2764 1073 2826 et
1087 2763 1168 2828 filiae
1181 2764 1305 2846 nuptias
1319 2763 1372 2826 de-

248 2856 385 2938 spondit,
406 2856 433 2919 si
453 2859 521 2938 quis
541 2866 729 2942 prouocantis
750 2866 848 2948 spolia
867 2866 1038 2930 retulisset:
1060 2867 1114 2931 sed
1132 2885 1222 2931 nemo
1237 2868 1372 2932 extante
1520 2892 1523 2903 ⁴

218 2959 370 3043 5agmine
390 2958 517 3043 aggredi
536 2963 674 3032 audebat.
697 2969 795 3053 igitur
810 2969 914 3034 Dauid
933 2969 1104 3034 etiamnum
1117 2989 1192 3052 puer
1206 2989 1326 3055 pugnae
1340 2989 1373 3034 se
1382 2989 1411 3031 :r
1518 2965 1521 2995 ³

247 3061 362 3126 obtulit
375 3061 554 3145 reieotisque
568 3068 676 3146 armis,
697 3073 808 3152 quibus
827 3072 950 3137 infirma
963 3074 1047 3137 aetas
1061 3075 1262 3158 mirabatur,
1283 3075 1373 3158 uirga
1520 3070 1521 3075 ’

246 3165 370 3230 tentum
384 3166 415 3230 et
427 3165 561 3247 quinque
571 3165 722 3248 lapidibus
734 3176 867 3258 sumptis
879 3176 912 3240 in
922 3175 1072 3258 proelium
1084 3178 1240 3258 prooessit.
1254 3178 1370 3261 primo-

247 3286 305 3349 que
320 3268 399 3345 ietu,
420 3269 514 3332 misso
529 3267 624 3332 funda
638 3269 746 3349 lapide,
761 3275 963 3361 Assophylum
977 3279 1122 3361 perculit,
1144 3282 1236 3362 caput
1249 3281 1326 3345 uicti
1340 3281 1372 3344 et

246 3370 343 3452 spolia
362 3371 506 3449 abstulit,
536 3371 677 3455 gladium
701 3375 804 3453 postea
824 3380 858 3444 in
882 3379 1035 3463 templum
1059 3383 1177 3464 posuit:
1210 3382 1371 3468 Allopbyli

350 3589 368 3646 e
386 3589 400 3643 1
417 3590 482 3660 seg.
503 3590 547 3649 15.
586 3591 622 3647 ne
641 3589 656 3644 1
673 3591 738 3661 neg.
759 3591 803 3648 1e.
842 3595 878 3650 re
892 3601 907 3650 r
923 3601 987 3670 nug.
1008 3603 1053 3659 17.

299 3778 439 3835 lordines
461 3795 566 3831 seruare
590 3781 706 3834 uidebat
723 3779 847 3835 Venetiae
918 3782 1099 3855 2impedibns
1112 3793 1139 3846 P
1200 3791 1369 3852 5intendicti

244 3864 350 3919 nescius
361 3865 403 3918 P:
416 3864 612 3918 interdictionis
624 3866 681 3920 eins
693 3865 793 3920 inscius
804 3866 820 3919 b
865 3867 883 3924 6
895 3872 1031 3938 speculoP
1045 3880 1060 3944 ss
1073 3878 1103 3931 id
1114 3881 1147 3936 G.
1154 3881 1268 3937 Richter
1278 3879 1368 3948 (Spes.

245 3951 389 4005 nocem
408 3950 467 4004 crit.
487 3948 575 4003 Jonas
592 3953 661 4004 1713
674 3951 779 4018 p.16):
798 3951 845 4006 sed
860 3954 903 4009 Pb
920 3958 972 4024 (cic
984 3970 1160 4029 praeceptum
1174 3984 1209 4022 ec
1224 3968 1369 4022 enuntiato

245 4036 396 4104 maenti),
414 4034 461 4089 sed
472 4033 500 4088 id
511 4035 641 4099 Dmes'oo,
655 4034 724 4104 qnod
735 4036 876 4107 Veratius,-
894 4041 925 4094 cf.
938 4042 975 4106 Π,
989 4044 1034 4107 13,
1046 4045 1073 4101 4.
1092 4046 1138 4111 21,
1150 4050 1176 4107 3,
1198 4055 1211 4120 ῃ
1233 4052 1369 4106 nominib

250 4120 731 4189 ductimpostDominoetDomini
785 4124 823 4180 14
839 4124 1207 4192 DominusetltiDominob
1259 4139 1369 4196 151011-
1412 4188 1416 4195 ,
1489 4166 1496 4170 -

247 4203 373 4260 stitueret
389 4207 418 4260 P
481 4206 518 4263 16
535 4206 647 4276 perlinit
664 4208 771 4263 Pcorr.
792 4213 1020 4280 1m.experimit
1041 4215 1053 4282 ΙΙ
1075 4223 1207 4284 parumP
1270 4221 1307 4278 18
1325 4238 1368 4292 cy-

245 4287 325 4343 thara
343 4290 371 4343 P
420 4291 459 4348 20
476 4293 562 4362 golias
580 4293 622 4361 P,
639 4293 753 4362 goliatb
804 4295 843 4353 29
861 4297 961 4368 templo
972 4300 1087 4357 mulctrat
1098 4301 1132 4358 dc
1143 4305 1231 4360 Proto
