3050 4984
335 333 401 380 VIII

387 466 492 558 Quod
515 469 666 543 Seuerus
695 495 772 569 ipse
793 470 969 569 gloriatus
1003 483 1058 546 est
1093 471 1224 546 librum
1260 498 1367 571 quem
1404 474 1452 546 de

335 586 410 660 uita
431 587 575 662 Martini
597 589 769 663 edidisset
790 590 952 664 studiose
981 591 1052 690 legi
1075 594 1124 689 (u.
1146 592 1260 691 Epist.
1286 598 1325 684 1,
1351 594 1390 691 1)
1414 603 1452 666 et

334 732 400 806 per
427 719 546 781 totum
574 708 647 782 fere
674 709 798 783 orbem
826 722 1005 784 terrarum
1044 723 1250 810 penetrasse
1279 712 1387 810 (Dial.
1418 712 1449 804 I,

337 829 396 917 20,
421 830 463 918 3,
487 828 529 902 cf.
549 828 654 902 etiam
675 829 767 902 Dial.
789 829 855 922 Ill,
881 835 938 920 17,
961 834 985 903 4
1007 833 1115 929 sqq),
1137 832 1206 904 hoo
1227 832 1335 905 hodie
1357 857 1450 930 quo-

336 971 405 1044 que
427 972 473 1020 ex
494 958 595 1046 parte
620 948 744 1022 testari
773 975 982 1048 possumus:
1012 976 1093 1022 nam
1117 951 1183 1024 uix
1205 951 1274 1022 ulla
1295 951 1451 1050 amplior

334 1065 549 1142 bibliotheca
570 1078 705 1160 exstat,
728 1067 764 1140 in
788 1095 859 1166 qua
887 1095 960 1143 non
988 1070 1151 1169 exempla
1181 1071 1311 1144 horum
1336 1097 1446 1169 opus·

335 1185 496 1260 culorum
525 1185 762 1262 inueniantur.
795 1189 858 1261 sed
888 1214 960 1286 quo
981 1189 1205 1288 frequentius
1226 1189 1385 1263 lectitata
1407 1200 1444 1263 et

334 1305 511 1405 descripta
539 1316 638 1399 sunt,
672 1332 714 1382 eo
744 1307 939 1406 procliuior
960 1321 1036 1382 erat
1057 1334 1182 1382 eorum
1203 1308 1446 1408 interpolatio,

290 1523 292 1526 Ι
334 1424 620 1525 exstiteruntque
650 1427 740 1500 duae
768 1427 931 1501 codicum
953 1427 1122 1521 familiae,
1159 1455 1310 1526 quarum
1333 1427 1447 1528 scrip-

333 1555 434 1619 turae
463 1535 654 1619 admodum
684 1547 779 1620 inter
809 1572 846 1621 se
876 1546 1088 1647 discrepant.
1130 1549 1257 1621 harum
1299 1548 1447 1622 alteram

332 1663 507 1756 Italicam,
541 1665 687 1739 alteram
719 1664 887 1740 Gallicam
918 1677 955 1740 et
984 1664 1232 1740 Germanicam
1261 1666 1447 1740 nominare

332 1783 458 1884 possis.
488 1785 649 1859 neutrius
670 1785 823 1860 familiae
853 1786 1022 1860 lectiones
1044 1787 1163 1861 adhuc
1191 1797 1355 1872 accurate
1386 1811 1446 1859 co-

332 1904 452 2003 gnitae
472 1914 587 1996 erant,
612 1903 792 2004 bonasque
807 1906 1008 2004 complures
1026 1905 1247 1998 inuenimus,
1271 1931 1364 2004 quae
1378 1906 1446 1980 etsi

333 2023 370 2096 in
397 2034 547 2123 utraque
574 2024 827 2116 inueniuntur,
849 2026 1010 2098 nondum
1037 2035 1156 2099 tamen
1185 2025 1223 2098 in
1253 2023 1446 2098 uerborum

334 2153 543 2218 contextum
565 2154 727 2244 receptae
745 2155 856 2218 erant.
874 2145 1005 2245 prioris
1022 2155 1142 2218 autem
1159 2144 1331 2236 familiae,
1355 2169 1447 2242 quae

334 2262 435 2336 alteri
458 2261 616 2336 bonitate
646 2263 753 2362 longe
782 2273 956 2363 praestat,
986 2289 1113 2363 agmen
1141 2263 1242 2337 ducit
1269 2263 1359 2338 liber
1388 2262 1446 2336 ille

333 2382 616 2475 uetustissimus,
650 2383 713 2481 qui
742 2385 779 2457 in
809 2382 1023 2458 bibliotheca
1053 2382 1197 2482 capituli
1226 2381 1448 2458 Veronensis

334 2504 551 2578 adseruatur.
590 2502 620 2575 is
649 2503 725 2601 ipse
756 2502 903 2601 quidem
935 2502 1075 2577 saeculo
1105 2501 1178 2577 VII
1198 2513 1282 2602 post
1310 2501 1395 2577 Ghr.
1412 2527 1448 2574 n.

333 2632 500 2694 exaratus
519 2631 584 2712 est,
603 2622 676 2712 sed,
692 2632 730 2696 ut
749 2647 796 2696 ex
814 2621 1077 2721 subscriptione
1094 2633 1241 2722 apparet
1254 2621 1329 2724 (fol.
1346 2622 1448 2720 114),

333 2741 577 2840 apographum
612 2753 666 2814 est
703 2741 786 2814 libri
823 2768 853 2816 a.
881 2745 952 2816 519
982 2741 1196 2842 conscripti,
1237 2769 1271 2815 u.
1297 2741 1449 2816 Reiffer-

335 2859 578 2935 scheidiiBibl.
594 2860 872 2936 Patrumltalica
884 2862 913 2951 Ι,
923 2889 957 2961 p.
971 2862 1158 2937 112.hunc
1171 2860 1300 2934 librum
1310 2861 1448 2960 primus

334 2983 521 3082 usurpauit
541 2981 783 3082 Hieronymus
812 2983 856 3056 de
870 2982 998 3074 Prato,
1021 2982 1085 3056 sed
1105 3007 1180 3055 non
1202 3007 1243 3056 ea
1264 2981 1450 3080 diligentia

334 3100 503 3177 lectiones
525 3102 732 3202 exscripsit,
768 3127 858 3201 quae
888 3101 995 3175 hodie
1022 3100 1061 3174 in
1092 3101 1148 3174 his
1179 3099 1287 3176 rebus
1314 3101 1448 3196 ¹merito

334 3220 540 3320 requiritur.
598 3221 755 3297 codicem
806 3220 1151 3322 praestantissimum
1206 3220 1447 3319 Augustus

334 3340 680 3418 Reifferscheid
697 3339 735 3414 in
748 3351 914 3418 nostrum
931 3366 1037 3414 usum
1050 3339 1180 3414 iterum
1195 3339 1347 3414 contulit
1358 3339 1447 3412 mul·

332 3473 461 3560 tasque
482 3460 634 3562 optimas
655 3460 844 3553 lectiones,
868 3487 956 3561 quas
977 3461 1015 3534 in
1038 3458 1296 3534 commentario
1318 3458 1447 3532 Hiero-

334 3580 436 3682 nymi
467 3581 511 3654 de
540 3581 649 3688 lJrato
677 3580 811 3662 frustra
850 3605 1017 3681 quaeras,
1052 3604 1099 3653 ex
1132 3603 1175 3652 eo
1206 3576 1367 3677 protulit.
1401 3579 1447 3651 ad

335 3701 483 3776 eandem
513 3699 682 3774 familiam
712 3700 868 3800 pertinet
895 3698 1010 3774 codex
1038 3697 1231 3773 Brixianus
1254 3695 1446 3772 abeodem

336 3821 381 3895 de
394 3819 505 3903 Prato
518 3843 709 3894 excussusz
731 3820 794 3918 qui
811 3807 880 3893 etsi
901 3817 1039 3895 saeculo
1053 3819 1198 3892 demum
1211 3816 1320 3890 Xllll
1334 3816 1445 3916 scrip-

335 3950 394 4015 tus
417 3964 494 4015 esse
514 3939 648 4030 fertur,
687 3938 782 4012 inter
802 3938 958 4039 optimos
980 3947 1098 4012 tamen
1121 3937 1358 4013 recensendus
1380 3947 1444 4010 est.

337 4085 551 4159 quamquam
565 4069 684 4132 autem
697 4046 779 4133 eius*
787 4058 984 4158 scripturae
1003 4056 1215 4156 plerumque
1233 4080 1315 4130 oum
1329 4053 1445 4130 Vero·

337 4179 439 4253 nensi
460 4177 686 4280 conspirant,
717 4203 764 4253 ex
794 4177 929 4278 aliquot
949 4187 1068 4252 tamen
1090 4174 1178 4252 locis
1200 4201 1281 4250 eum
1303 4200 1376 4248 non
1397 4199 1444 4249 ex
