<?xml version="1.0" encoding="UTF-8"?>
<!DOCTYPE html PUBLIC "-//W3C//DTD XHTML 1.0 Transitional//EN"
    "http://www.w3.org/TR/xhtml1/DTD/xhtml1-transitional.dtd">
<html xmlns="http://www.w3.org/1999/xhtml" xml:lang="en" lang="en">
 <head>
  <title>
</title>
<meta http-equiv="Content-Type" content="text/html;charset=utf-8" />
  <meta name='ocr-system' content='tesseract 3.04.00' />
  <meta name='ocr-capabilities' content='ocr_page ocr_carea ocr_par ocr_line ocrx_word'/>
</head>
<body>
  <div class='ocr_page' id='page_1' title='image "./corpusscriptoru02wissgoog_0035.png"; bbox 0 0 3050 4984; ppageno 0'>
   <div class='ocr_carea' id='block_1_1' title="bbox 479 384 1180 452">
    <p class='ocr_par' dir='ltr' id='par_1_1' title="bbox 479 384 1180 452">
     <span class='ocr_line' id='line_1_1' title="bbox 479 384 1180 452; baseline -0.001 -12"><span class='ocrx_word' id='word_1_1' title='bbox 479 384 592 440; x_wconf 69' lang='lat' dir='ltr'><strong>(thren.</strong></span> <span class='ocrx_word' id='word_1_2' title='bbox 611 385 634 452; x_wconf 89' lang='lat'><strong>1,</strong></span> <span class='ocrx_word' id='word_1_3' title='bbox 655 384 772 442; x_wconf 81' lang='lat'>14-16.</span> <span class='ocrx_word' id='word_1_4' title='bbox 1141 389 1180 452; x_wconf 80' lang='lat'><strong>17</strong></span> 
     </span>
    </p>
   </div>
   <div class='ocr_carea' id='block_1_2' title="bbox 36 541 1274 2682">
    <p class='ocr_par' dir='ltr' id='par_1_2' title="bbox 82 541 1210 935">
     <span class='ocr_line' id='line_1_2' title="bbox 82 541 1181 622; baseline 0.003 -18"><span class='ocrx_word' id='word_1_5' title='bbox 82 542 134 604; x_wconf 78' lang='lat' dir='ltr'><strong>bu</strong></span> <span class='ocrx_word' id='word_1_6' title='bbox 146 541 205 617; x_wconf 84' lang='lat' dir='ltr'><strong>cst,</strong></span> <span class='ocrx_word' id='word_1_7' title='bbox 219 541 397 606; x_wconf 87' lang='lat' dir='ltr'><strong>Hebraeum</strong></span> <span class='ocrx_word' id='word_1_8' title='bbox 417 541 562 622; x_wconf 88' lang='lat' dir='ltr'><strong>populum</strong></span> <span class='ocrx_word' id='word_1_9' title='bbox 582 541 651 606; x_wconf 87' lang='lat' dir='ltr'><strong>uiae</strong></span> <span class='ocrx_word' id='word_1_10' title='bbox 665 559 765 606; x_wconf 86' lang='lat' dir='ltr'><strong>errore</strong></span> <span class='ocrx_word' id='word_1_11' title='bbox 777 541 811 606; x_wconf 94' lang='lat' dir='ltr'><strong>in</strong></span> <span class='ocrx_word' id='word_1_12' title='bbox 824 543 978 607; x_wconf 87' lang='lat' dir='ltr'><strong>obiectum</strong></span> <span class='ocrx_word' id='word_1_13' title='bbox 992 561 1076 608; x_wconf 87' lang='lat' dir='ltr'><strong>mare</strong></span> <span class='ocrx_word' id='word_1_14' title='bbox 1089 543 1181 607; x_wconf 87' lang='lat' dir='ltr'><strong>denc-</strong></span> 
     </span>
     <span class='ocr_line' id='line_1_3' title="bbox 82 643 1182 727; baseline 0.004 -21"><span class='ocrx_word' id='word_1_15' title='bbox 82 643 152 719; x_wconf 77' lang='lat' dir='ltr'><strong>nisse</strong></span> <span class='ocrx_word' id='word_1_16' title='bbox 162 643 284 707; x_wconf 86' lang='lat' dir='ltr'><strong>nullum</strong></span> <span class='ocrx_word' id='word_1_17' title='bbox 296 644 323 708; x_wconf 94' lang='lat' dir='ltr'><strong>ei</strong></span> <span class='ocrx_word' id='word_1_18' title='bbox 333 661 398 708; x_wconf 82' lang='lat' dir='ltr'><strong>esse</strong></span> <span class='ocrx_word' id='word_1_19' title='bbox 409 643 697 709; x_wconf 82' lang='lat' dir='ltr'><strong>cxitnmcbsistente</strong></span> <span class='ocrx_word' id='word_1_20' title='bbox 707 645 867 723; x_wconf 86' lang='lat' dir='ltr'><strong>clemente,</strong></span> <span class='ocrx_word' id='word_1_21' title='bbox 879 644 1093 724; x_wconf 76' lang='lat' dir='ltr'><strong>summanimi,</strong></span> <span class='ocrx_word' id='word_1_22' title='bbox 1105 662 1182 727; x_wconf 87' lang='lat' dir='ltr'><strong>quo-</strong></span> 
     </span>
     <span class='ocr_line' id='line_1_4' title="bbox 83 744 1181 832; baseline 0.003 -22"><span class='ocrx_word' id='word_1_23' title='bbox 83 744 332 829; x_wconf 85' lang='lat' dir='ltr'><strong>niamaugebatnr,</strong></span> <span class='ocrx_word' id='word_1_24' title='bbox 344 746 556 815; x_wconf 86' lang='lat' dir='ltr'><strong>tcthominum</strong></span> <span class='ocrx_word' id='word_1_25' title='bbox 563 746 652 813; x_wconf 89' lang='lat' dir='ltr'><strong>milia</strong></span> <span class='ocrx_word' id='word_1_26' title='bbox 662 765 755 832; x_wconf 85' lang='lat' dir='ltr'><strong>regno</strong></span> <span class='ocrx_word' id='word_1_27' title='bbox 767 766 822 813; x_wconf 88' lang='lat' dir='ltr'><strong>suc</strong></span> <span class='ocrx_word' id='word_1_28' title='bbox 833 749 866 814; x_wconf 90' lang='lat' dir='ltr'><strong>et</strong></span> <span class='ocrx_word' id='word_1_29' title='bbox 874 749 1020 831; x_wconf 78' lang='lat' dir='ltr'><strong>potestati</strong></span> <span class='ocrx_word' id='word_1_30' title='bbox 1030 747 1181 827; x_wconf 87' lang='lat' dir='ltr'><strong>decedere,</strong></span> 
     </span>
     <span class='ocr_line' id='line_1_5' title="bbox 83 847 1210 935; baseline 0.004 -25"><span class='ocrx_word' id='word_1_31' title='bbox 83 847 223 912; x_wconf 76' lang='lat' dir='ltr'><strong>exercitum</strong></span> <span class='ocrx_word' id='word_1_32' title='bbox 242 866 369 930; x_wconf 85' lang='lat' dir='ltr'><strong>propere</strong></span> <span class='ocrx_word' id='word_1_33' title='bbox 387 849 499 914; x_wconf 86' lang='lat' dir='ltr'><strong>educit.</strong></span> <span class='ocrx_word' id='word_1_34' title='bbox 521 850 650 932; x_wconf 89' lang='lat' dir='ltr'><strong>iamque</strong></span> <span class='ocrx_word' id='word_1_35' title='bbox 663 851 783 916; x_wconf 89' lang='lat' dir='ltr'><strong>eminus</strong></span> <span class='ocrx_word' id='word_1_36' title='bbox 801 870 888 916; x_wconf 85' lang='lat' dir='ltr'><strong>arma</strong></span> <span class='ocrx_word' id='word_1_37' title='bbox 907 851 1053 935; x_wconf 77' lang='lat' dir='ltr'><strong>signaque</strong></span> <span class='ocrx_word' id='word_1_38' title='bbox 1066 852 1099 916; x_wconf 82' lang='lat' dir='ltr'><strong>et</strong></span> <span class='ocrx_word' id='word_1_39' title='bbox 1111 859 1210 933; x_wconf 83' lang='lat' dir='ltr'><strong>pro-5</strong></span> 
     </span>
    </p>

    <p class='ocr_par' dir='ltr' id='par_1_3' title="bbox 36 931 1183 1034">
     <span class='ocr_line' id='line_1_6' title="bbox 72 950 1183 1034; baseline 0.005 -20.812"><span class='ocrx_word' id='word_1_40' title='bbox 72 950 836 1034; x_wconf 61' lang='lat' dir='ltr'><strong>ammpmncnnusncenpnsaonaassumar,</strong></span> <span class='ocrx_word' id='word_1_41' title='bbox 851 973 922 1019; x_wconf 75' lang='lat' dir='ltr'><strong>cum</strong></span> <span class='ocrx_word' id='word_1_42' title='bbox 935 954 1084 1019; x_wconf 68' lang='lat' dir='ltr'><strong>necrus</strong></span> <span class='ocrx_word' id='word_1_43' title='bbox 1097 955 1183 1018; x_wconf 71' lang='lat' dir='ltr'><strong>motu</strong></span> 
     </span>
    </p>

    <p class='ocr_par' dir='ltr' id='par_1_4' title="bbox 36 1045 1182 1140">
     <span class='ocr_line' id='line_1_7' title="bbox 36 1045 1182 1140; baseline 0.004 -24"><span class='ocrx_word' id='word_1_44' title='bbox 36 1045 37 1104; x_wconf 75' lang='lat' dir='ltr'><strong>l</strong></span> <span class='ocrx_word' id='word_1_45' title='bbox 84 1052 186 1133; x_wconf 78' lang='lat' dir='ltr'><strong>tepidis</strong></span> <span class='ocrx_word' id='word_1_46' title='bbox 200 1055 231 1118; x_wconf 89' lang='lat' dir='ltr'><strong>et</strong></span> <span class='ocrx_word' id='word_1_47' title='bbox 245 1054 366 1119; x_wconf 76' lang='lat' dir='ltr'><strong>melum</strong></span> <span class='ocrx_word' id='word_1_48' title='bbox 381 1055 607 1137; x_wconf 69' lang='lat' dir='ltr'><strong>aquamanus</strong></span> <span class='ocrx_word' id='word_1_49' title='bbox 617 1055 738 1140; x_wconf 82' lang='lat' dir='ltr'><strong>Moyses</strong></span> <span class='ocrx_word' id='word_1_50' title='bbox 752 1058 845 1122; x_wconf 81' lang='lat' dir='ltr'><strong>allec</strong></span> <span class='ocrx_word' id='word_1_51' title='bbox 858 1057 993 1122; x_wconf 88' lang='lat' dir='ltr'><strong>monitus</strong></span> <span class='ocrx_word' id='word_1_52' title='bbox 1006 1075 1182 1139; x_wconf 84' lang='lat' dir='ltr'><strong>pomussum</strong></span> 
     </span>
    </p>

    <p class='ocr_par' dir='ltr' id='par_1_5' title="bbox 36 1141 1211 1242">
     <span class='ocr_line' id='line_1_8' title="bbox 36 1141 1211 1242; baseline -0.002 -21"><span class='ocrx_word' id='word_1_53' title='bbox 36 1141 37 1236; x_wconf 68' lang='lat' dir='ltr'><strong>l</strong></span> <span class='ocrx_word' id='word_1_54' title='bbox 84 1155 151 1239; x_wconf 79' lang='lat' dir='ltr'><strong>uirga</strong></span> <span class='ocrx_word' id='word_1_55' title='bbox 162 1175 243 1222; x_wconf 87' lang='lat' dir='ltr'><strong>mare</strong></span> <span class='ocrx_word' id='word_1_56' title='bbox 258 1157 395 1223; x_wconf 74' lang='lat' dir='ltr'><strong>discidit.</strong></span> <span class='ocrx_word' id='word_1_57' title='bbox 416 1158 462 1223; x_wconf 88' lang='lat' dir='ltr'><strong>ita</strong></span> <span class='ocrx_word' id='word_1_58' title='bbox 474 1158 601 1240; x_wconf 86' lang='lat' dir='ltr'><strong>populo,</strong></span> <span class='ocrx_word' id='word_1_59' title='bbox 622 1159 799 1224; x_wconf 81' lang='lat' dir='ltr'><strong>cadentibus</strong></span> <span class='ocrx_word' id='word_1_60' title='bbox 813 1159 845 1225; x_wconf 93' lang='lat' dir='ltr'><strong>in</strong></span> <span class='ocrx_word' id='word_1_61' title='bbox 859 1159 955 1224; x_wconf 81' lang='lat' dir='ltr'><strong>latera</strong></span> <span class='ocrx_word' id='word_1_62' title='bbox 973 1159 1076 1242; x_wconf 87' lang='lat' dir='ltr'><strong>aquis,</strong></span> <span class='ocrx_word' id='word_1_63' title='bbox 1096 1159 1211 1224; x_wconf 74' lang='lat' dir='ltr'><strong>uelntt</strong></span> 
     </span>
    </p>

    <p class='ocr_par' dir='ltr' id='par_1_6' title="bbox 36 1258 1182 1347">
     <span class='ocr_line' id='line_1_9' title="bbox 36 1258 1182 1347; baseline 0.005 -27"><span class='ocrx_word' id='word_1_64' title='bbox 36 1281 37 1338; x_wconf 80' lang='lat' dir='ltr'><strong>j</strong></span> <span class='ocrx_word' id='word_1_65' title='bbox 84 1258 268 1325; x_wconf 68' lang='lat' dir='ltr'><strong>incontinenti</strong></span> <span class='ocrx_word' id='word_1_66' title='bbox 283 1261 344 1324; x_wconf 89' lang='lat' dir='ltr'><strong>iter</strong></span> <span class='ocrx_word' id='word_1_67' title='bbox 353 1261 495 1343; x_wconf 89' lang='lat' dir='ltr'><strong>peruium</strong></span> <span class='ocrx_word' id='word_1_68' title='bbox 510 1261 580 1326; x_wconf 87' lang='lat' dir='ltr'><strong>fuit</strong></span> <span class='ocrx_word' id='word_1_69' title='bbox 595 1279 651 1326; x_wconf 89' lang='lat' dir='ltr'><strong>nec</strong></span> <span class='ocrx_word' id='word_1_70' title='bbox 661 1263 820 1327; x_wconf 87' lang='lat' dir='ltr'><strong>cunctatus</strong></span> <span class='ocrx_word' id='word_1_71' title='bbox 829 1281 882 1327; x_wconf 85' lang='lat' dir='ltr'><strong>rer</strong></span> <span class='ocrx_word' id='word_1_72' title='bbox 892 1261 1065 1347; x_wconf 81' lang='lat' dir='ltr'><strong>Aegyptius</strong></span> <span class='ocrx_word' id='word_1_73' title='bbox 1075 1261 1182 1327; x_wconf 74' lang='lat' dir='ltr'><strong>cedem</strong></span> 
     </span>
    </p>

    <p class='ocr_par' dir='ltr' id='par_1_7' title="bbox 36 1341 1183 1452">
     <span class='ocr_line' id='line_1_10' title="bbox 86 1360 1183 1448; baseline 0.005 -25.738"><span class='ocrx_word' id='word_1_74' title='bbox 86 1360 118 1422; x_wconf 87' lang='lat' dir='ltr'><strong>tes</strong></span> <span class='ocrx_word' id='word_1_75' title='bbox 128 1361 237 1444; x_wconf 79' lang='lat' dir='ltr'><strong>insequi</strong></span> <span class='ocrx_word' id='word_1_76' title='bbox 251 1382 353 1441; x_wconf 91' lang='lat' dir='ltr'><strong>mare,</strong></span> <span class='ocrx_word' id='word_1_77' title='bbox 375 1380 436 1446; x_wconf 87' lang='lat' dir='ltr'><strong>qna</strong></span> <span class='ocrx_word' id='word_1_78' title='bbox 455 1364 594 1445; x_wconf 84' lang='lat' dir='ltr'><strong>patebat,</strong></span> <span class='ocrx_word' id='word_1_79' title='bbox 614 1364 786 1448; x_wconf 82' lang='lat' dir='ltr'><strong>ingressus:</strong></span> <span class='ocrx_word' id='word_1_80' title='bbox 807 1381 879 1429; x_wconf 83' lang='lat' dir='ltr'><strong>mox</strong></span> <span class='ocrx_word' id='word_1_81' title='bbox 899 1365 1076 1430; x_wconf 75' lang='lat' dir='ltr'><strong>coeuntibus</strong></span> <span class='ocrx_word' id='word_1_82' title='bbox 1095 1363 1183 1446; x_wconf 86' lang='lat' dir='ltr'><strong>aquis</strong></span> 
     </span>
    </p>

    <p class='ocr_par' dir='ltr' id='par_1_8' title="bbox 36 1465 578 1532">
     <span class='ocr_line' id='line_1_11' title="bbox 67 1465 578 1532; baseline 0.007 -5.771"><span class='ocrx_word' id='word_1_83' title='bbox 67 1479 136 1526; x_wconf 88' lang='lat' dir='ltr'><strong>noun</strong></span> <span class='ocrx_word' id='word_1_84' title='bbox 148 1465 226 1528; x_wconf 90' lang='lat' dir='ltr'><strong>omni</strong></span> <span class='ocrx_word' id='word_1_85' title='bbox 240 1466 376 1530; x_wconf 87' lang='lat' dir='ltr'><strong>exercitu</strong></span> <span class='ocrx_word' id='word_1_86' title='bbox 391 1466 509 1530; x_wconf 87' lang='lat' dir='ltr'><strong>deletus</strong></span> <span class='ocrx_word' id='word_1_87' title='bbox 523 1467 578 1532; x_wconf 88' lang='lat' dir='ltr'><strong>est.</strong></span> 
     </span>
    </p>

    <p class='ocr_par' dir='ltr' id='par_1_9' title="bbox 36 1529 1234 1660">
     <span class='ocr_line' id='line_1_12' title="bbox 119 1566 1234 1652; baseline 0.002 -20.861"><span class='ocrx_word' id='word_1_88' title='bbox 119 1566 193 1632; x_wconf 80' lang='lat' dir='ltr'><strong>lunc</strong></span> <span class='ocrx_word' id='word_1_89' title='bbox 219 1567 343 1652; x_wconf 85' lang='lat' dir='ltr'><strong>Moyses</strong></span> <span class='ocrx_word' id='word_1_90' title='bbox 371 1569 584 1634; x_wconf 76' lang='lat' dir='ltr'><strong>incolumitate</strong></span> <span class='ocrx_word' id='word_1_91' title='bbox 612 1588 751 1649; x_wconf 87' lang='lat' dir='ltr'><strong>suorum,</strong></span> <span class='ocrx_word' id='word_1_92' title='bbox 786 1569 879 1636; x_wconf 82' lang='lat' dir='ltr'><strong>exitio</strong></span> <span class='ocrx_word' id='word_1_93' title='bbox 906 1571 1042 1636; x_wconf 82' lang='lat' dir='ltr'><strong>hostium</strong></span> <span class='ocrx_word' id='word_1_94' title='bbox 1068 1569 1185 1634; x_wconf 87' lang='lat' dir='ltr'><strong>uirtute</strong></span> <span class='ocrx_word' id='word_1_95' title='bbox 1196 1570 1234 1634; x_wconf 70' lang='lat' dir='ltr'><strong>lt</strong></span> 
     </span>
    </p>

    <p class='ocr_par' dir='ltr' id='par_1_10' title="bbox 36 1668 1185 1798">
     <span class='ocr_line' id='line_1_13' title="bbox 36 1668 1185 1798; baseline 0.005 -68"><span class='ocrx_word' id='word_1_96' title='bbox 36 1713 37 1798; x_wconf 56' lang='lat' dir='ltr'><strong>q</strong></span> <span class='ocrx_word' id='word_1_97' title='bbox 88 1668 197 1734; x_wconf 79' lang='lat' dir='ltr'><strong>ordiens</strong></span> <span class='ocrx_word' id='word_1_98' title='bbox 217 1671 375 1736; x_wconf 84' lang='lat' dir='ltr'><strong>canticam</strong></span> <span class='ocrx_word' id='word_1_99' title='bbox 396 1672 462 1736; x_wconf 87' lang='lat' dir='ltr'><strong>Dee</strong></span> <span class='ocrx_word' id='word_1_100' title='bbox 482 1673 607 1751; x_wconf 82' lang='lat' dir='ltr'><strong>cecinit,</strong></span> <span class='ocrx_word' id='word_1_101' title='bbox 633 1673 776 1756; x_wconf 85' lang='lat' dir='ltr'><strong>idemque</strong></span> <span class='ocrx_word' id='word_1_102' title='bbox 796 1674 897 1738; x_wconf 89' lang='lat' dir='ltr'><strong>omnis</strong></span> <span class='ocrx_word' id='word_1_103' title='bbox 916 1674 1008 1738; x_wconf 86' lang='lat' dir='ltr'><strong>turba</strong></span> <span class='ocrx_word' id='word_1_104' title='bbox 1028 1671 1129 1738; x_wconf 87' lang='lat' dir='ltr'><strong>uirilis</strong></span> <span class='ocrx_word' id='word_1_105' title='bbox 1149 1690 1185 1736; x_wconf 82' lang='lat' dir='ltr'><strong>ac</strong></span> 
     </span>
    </p>

    <p class='ocr_par' dir='ltr' id='par_1_11' title="bbox 36 1771 1213 1860">
     <span class='ocr_line' id='line_1_14' title="bbox 36 1771 1213 1860; baseline -0.003 -18"><span class='ocrx_word' id='word_1_106' title='bbox 36 1801 37 1842; x_wconf 78' lang='lat'>3</span> <span class='ocrx_word' id='word_1_107' title='bbox 89 1771 218 1840; x_wconf 82' lang='lat' dir='ltr'><strong>muliebris</strong></span> <span class='ocrx_word' id='word_1_108' title='bbox 238 1793 329 1840; x_wconf 85' lang='lat' dir='ltr'><strong>sexus</strong></span> <span class='ocrx_word' id='word_1_109' title='bbox 350 1774 433 1839; x_wconf 87' lang='lat' dir='ltr'><strong>fecit.</strong></span> <span class='ocrx_word' id='word_1_110' title='bbox 455 1775 507 1840; x_wconf 90' lang='lat' dir='ltr'><strong>sed</strong></span> <span class='ocrx_word' id='word_1_111' title='bbox 528 1776 681 1860; x_wconf 81' lang='lat' dir='ltr'><strong>ingressos</strong></span> <span class='ocrx_word' id='word_1_112' title='bbox 699 1795 852 1855; x_wconf 85' lang='lat' dir='ltr'><strong>eremum,</strong></span> <span class='ocrx_word' id='word_1_113' title='bbox 878 1795 949 1841; x_wconf 83' lang='lat' dir='ltr'><strong>cum</strong></span> <span class='ocrx_word' id='word_1_114' title='bbox 969 1777 1033 1841; x_wconf 89' lang='lat' dir='ltr'><strong>iam</strong></span> <span class='ocrx_word' id='word_1_115' title='bbox 1052 1793 1105 1858; x_wconf 87' lang='lat' dir='ltr'><strong>per</strong></span> <span class='ocrx_word' id='word_1_116' title='bbox 1124 1774 1213 1839; x_wconf 78' lang='lat' dir='ltr'><strong>tii-2</strong></span> 
     </span>
    </p>

    <p class='ocr_par' dir='ltr' id='par_1_12' title="bbox 36 1871 1274 1978">
     <span class='ocr_line' id='line_1_15' title="bbox 36 1871 1274 1978; baseline 0.005 -42"><span class='ocrx_word' id='word_1_117' title='bbox 36 1941 37 1978; x_wconf 75' lang='lat'><strong><em>,</em></strong></span> <span class='ocrx_word' id='word_1_118' title='bbox 88 1871 160 1938; x_wconf 89' lang='lat' dir='ltr'><strong>lnnnn</strong></span> <span class='ocrx_word' id='word_1_119' title='bbox 168 1875 224 1940; x_wconf 89' lang='lat' dir='ltr'><strong>iter</strong></span> <span class='ocrx_word' id='word_1_120' title='bbox 235 1878 373 1961; x_wconf 84' lang='lat' dir='ltr'><strong>agerent,</strong></span> <span class='ocrx_word' id='word_1_121' title='bbox 382 1895 476 1960; x_wconf 87' lang='lat' dir='ltr'><strong>aquae</strong></span> <span class='ocrx_word' id='word_1_122' title='bbox 486 1879 614 1960; x_wconf 86' lang='lat' dir='ltr'><strong>penuria</strong></span> <span class='ocrx_word' id='word_1_123' title='bbox 622 1879 760 1963; x_wconf 87' lang='lat' dir='ltr'><strong>urgebat,</strong></span> <span class='ocrx_word' id='word_1_124' title='bbox 767 1881 944 1962; x_wconf 78' lang='lat' dir='ltr'><strong>repertaque</strong></span> <span class='ocrx_word' id='word_1_125' title='bbox 953 1879 993 1943; x_wconf 90' lang='lat' dir='ltr'><strong>cb</strong></span> <span class='ocrx_word' id='word_1_126' title='bbox 1003 1877 1184 1944; x_wconf 87' lang='lat' dir='ltr'><strong>amaritudi-</strong></span> <span class='ocrx_word' id='word_1_127' title='bbox 1272 1902 1274 1905; x_wconf 48' lang='lat'><strong><em>¹</em></strong></span> 
     </span>
    </p>

    <p class='ocr_par' dir='ltr' id='par_1_13' title="bbox 36 1979 1215 2682">
     <span class='ocr_line' id='line_1_16' title="bbox 36 1979 1213 2064; baseline 0.005 -25"><span class='ocrx_word' id='word_1_128' title='bbox 36 1979 37 1990; x_wconf 49' lang='lat'>³</span> <span class='ocrx_word' id='word_1_129' title='bbox 70 1993 139 2039; x_wconf 76' lang='lat' dir='ltr'><strong>nonam</strong></span> <span class='ocrx_word' id='word_1_130' title='bbox 150 1979 213 2042; x_wconf 87' lang='lat' dir='ltr'><strong>usui</strong></span> <span class='ocrx_word' id='word_1_131' title='bbox 227 1997 291 2045; x_wconf 90' lang='lat' dir='ltr'><strong>nen</strong></span> <span class='ocrx_word' id='word_1_132' title='bbox 306 1980 381 2044; x_wconf 87' lang='lat' dir='ltr'><strong>erat.</strong></span> <span class='ocrx_word' id='word_1_133' title='bbox 396 1999 431 2044; x_wconf 88' lang='lat' dir='ltr'><strong>ac</strong></span> <span class='ocrx_word' id='word_1_134' title='bbox 444 1982 514 2046; x_wconf 89' lang='lat' dir='ltr'><strong>tum</strong></span> <span class='ocrx_word' id='word_1_135' title='bbox 528 1981 664 2063; x_wconf 85' lang='lat' dir='ltr'><strong>primum</strong></span> <span class='ocrx_word' id='word_1_136' title='bbox 677 1982 869 2064; x_wconf 87' lang='lat' dir='ltr'><strong>impatientis</strong></span> <span class='ocrx_word' id='word_1_137' title='bbox 878 1983 984 2064; x_wconf 89' lang='lat' dir='ltr'><strong>populi</strong></span> <span class='ocrx_word' id='word_1_138' title='bbox 996 1979 1213 2046; x_wconf 72' lang='lat' dir='ltr'><strong>contumaciae</strong></span> 
     </span>
     <span class='ocr_line' id='line_1_17' title="bbox 91 2081 1185 2168; baseline 0.004 -24"><span class='ocrx_word' id='word_1_139' title='bbox 91 2081 200 2158; x_wconf 75' lang='lat' dir='ltr'><strong>apparuit</strong></span> <span class='ocrx_word' id='word_1_140' title='bbox 213 2082 339 2164; x_wconf 87' lang='lat' dir='ltr'><strong>iamque</strong></span> <span class='ocrx_word' id='word_1_141' title='bbox 353 2082 386 2147; x_wconf 91' lang='lat' dir='ltr'><strong>in</strong></span> <span class='ocrx_word' id='word_1_142' title='bbox 400 2083 527 2166; x_wconf 80' lang='lat' dir='ltr'><strong>Meysen</strong></span> <span class='ocrx_word' id='word_1_143' title='bbox 541 2083 708 2163; x_wconf 86' lang='lat' dir='ltr'><strong>ferebatur,</strong></span> <span class='ocrx_word' id='word_1_144' title='bbox 730 2103 802 2149; x_wconf 89' lang='lat' dir='ltr'><strong>cum</strong></span> <span class='ocrx_word' id='word_1_145' title='bbox 815 2085 939 2150; x_wconf 83' lang='lat' dir='ltr'><strong>edoctus</strong></span> <span class='ocrx_word' id='word_1_146' title='bbox 953 2104 973 2149; x_wconf 88' lang='lat' dir='ltr'><strong>a</strong></span> <span class='ocrx_word' id='word_1_147' title='bbox 985 2085 1051 2149; x_wconf 89' lang='lat' dir='ltr'><strong>Deo</strong></span> <span class='ocrx_word' id='word_1_148' title='bbox 1064 2084 1185 2168; x_wconf 81' lang='lat' dir='ltr'><strong>liguum</strong></span> 
     </span>
     <span class='ocr_line' id='line_1_18' title="bbox 91 2181 1185 2270; baseline 0.005 -25"><span class='ocrx_word' id='word_1_149' title='bbox 91 2181 153 2260; x_wconf 82' lang='lat' dir='ltr'><strong>aquis</strong></span> <span class='ocrx_word' id='word_1_150' title='bbox 164 2182 286 2264; x_wconf 84' lang='lat' dir='ltr'><strong>intulit,</strong></span> <span class='ocrx_word' id='word_1_151' title='bbox 304 2185 390 2250; x_wconf 87' lang='lat' dir='ltr'><strong>cuins</strong></span> <span class='ocrx_word' id='word_1_152' title='bbox 404 2185 478 2250; x_wconf 85' lang='lat' dir='ltr'><strong>haec</strong></span> <span class='ocrx_word' id='word_1_153' title='bbox 492 2187 541 2251; x_wconf 87' lang='lat' dir='ltr'><strong>uis</strong></span> <span class='ocrx_word' id='word_1_154' title='bbox 556 2186 626 2266; x_wconf 87' lang='lat' dir='ltr'><strong>fuit,</strong></span> <span class='ocrx_word' id='word_1_155' title='bbox 642 2188 678 2251; x_wconf 87' lang='lat' dir='ltr'><strong>ut</strong></span> <span class='ocrx_word' id='word_1_156' title='bbox 692 2187 814 2252; x_wconf 90' lang='lat' dir='ltr'><strong>dulcem</strong></span> <span class='ocrx_word' id='word_1_157' title='bbox 828 2205 965 2270; x_wconf 85' lang='lat' dir='ltr'><strong>saporem</strong></span> <span class='ocrx_word' id='word_1_158' title='bbox 978 2187 1102 2251; x_wconf 86' lang='lat' dir='ltr'><strong>fluentis</strong></span> <span class='ocrx_word' id='word_1_159' title='bbox 1115 2185 1185 2250; x_wconf 89' lang='lat' dir='ltr'><strong>red·</strong></span> 
     </span>
     <span class='ocr_line' id='line_1_19' title="bbox 91 2280 1215 2373; baseline 0.004 -25"><span class='ocrx_word' id='word_1_160' title='bbox 91 2280 157 2349; x_wconf 81' lang='lat' dir='ltr'><strong>lec.</strong></span> <span class='ocrx_word' id='word_1_161' title='bbox 176 2287 241 2352; x_wconf 83' lang='lat' dir='ltr'><strong>crin</strong></span> <span class='ocrx_word' id='word_1_162' title='bbox 255 2290 434 2371; x_wconf 88' lang='lat' dir='ltr'><strong>promotum</strong></span> <span class='ocrx_word' id='word_1_163' title='bbox 448 2307 559 2373; x_wconf 82' lang='lat' dir='ltr'><strong>agmen</strong></span> <span class='ocrx_word' id='word_1_164' title='bbox 572 2289 653 2372; x_wconf 88' lang='lat' dir='ltr'><strong>apud</strong></span> <span class='ocrx_word' id='word_1_165' title='bbox 667 2289 751 2354; x_wconf 84' lang='lat' dir='ltr'><strong>lllim</strong></span> <span class='ocrx_word' id='word_1_166' title='bbox 766 2289 927 2354; x_wconf 88' lang='lat' dir='ltr'><strong>duodecim</strong></span> <span class='ocrx_word' id='word_1_167' title='bbox 941 2289 1078 2354; x_wconf 86' lang='lat' dir='ltr'><strong>fontibus</strong></span> <span class='ocrx_word' id='word_1_168' title='bbox 1091 2291 1215 2369; x_wconf 84' lang='lat' dir='ltr'><strong>aqua-4</strong></span> 
     </span>
     <span class='ocr_line' id='line_1_20' title="bbox 92 2390 1186 2474; baseline 0.004 -24"><span class='ocrx_word' id='word_1_169' title='bbox 92 2401 138 2449; x_wconf 85' lang='lat' dir='ltr'><strong>nnn</strong></span> <span class='ocrx_word' id='word_1_170' title='bbox 150 2390 176 2452; x_wconf 90' lang='lat' dir='ltr'><strong>et</strong></span> <span class='ocrx_word' id='word_1_171' title='bbox 189 2390 387 2474; x_wconf 76' lang='lat' dir='ltr'><strong>septuaginta</strong></span> <span class='ocrx_word' id='word_1_172' title='bbox 400 2391 557 2456; x_wconf 80' lang='lat' dir='ltr'><strong>arboribus</strong></span> <span class='ocrx_word' id='word_1_173' title='bbox 571 2392 744 2474; x_wconf 85' lang='lat' dir='ltr'><strong>palmarum</strong></span> <span class='ocrx_word' id='word_1_174' title='bbox 757 2392 886 2474; x_wconf 80' lang='lat' dir='ltr'><strong>repertis</strong></span> <span class='ocrx_word' id='word_1_175' title='bbox 900 2391 1044 2456; x_wconf 88' lang='lat' dir='ltr'><strong>consedit.</strong></span> <span class='ocrx_word' id='word_1_176' title='bbox 1064 2407 1186 2454; x_wconf 86' lang='lat' dir='ltr'><strong>rursum</strong></span> 
     </span>
     <span class='ocr_line' id='line_1_21' title="bbox 73 2490 1186 2578; baseline 0.001 -24"><span class='ocrx_word' id='word_1_177' title='bbox 73 2490 189 2570; x_wconf 76' lang='lat' dir='ltr'><strong>appuis</strong></span> <span class='ocrx_word' id='word_1_178' title='bbox 202 2492 320 2560; x_wconf 78' lang='lat' dir='ltr'><strong>lumem</strong></span> <span class='ocrx_word' id='word_1_179' title='bbox 333 2511 516 2576; x_wconf 88' lang='lat' dir='ltr'><strong>conquerens</strong></span> <span class='ocrx_word' id='word_1_180' title='bbox 530 2495 657 2578; x_wconf 84' lang='lat' dir='ltr'><strong>Moysen</strong></span> <span class='ocrx_word' id='word_1_181' title='bbox 670 2494 855 2578; x_wconf 70' lang='lat' dir='ltr'><strong>increpabat,</strong></span> <span class='ocrx_word' id='word_1_182' title='bbox 870 2492 1007 2577; x_wconf 79' lang='lat' dir='ltr'><strong>Aegypti</strong></span> <span class='ocrx_word' id='word_1_183' title='bbox 1024 2491 1186 2556; x_wconf 88' lang='lat' dir='ltr'><strong>seruitium</strong></span> 
     </span>
     <span class='ocr_line' id='line_1_22' title="bbox 92 2596 1186 2682; baseline -0.001 -22"><span class='ocrx_word' id='word_1_184' title='bbox 92 2606 141 2654; x_wconf 79' lang='lat' dir='ltr'><strong>tum</strong></span> <span class='ocrx_word' id='word_1_185' title='bbox 156 2596 315 2662; x_wconf 82' lang='lat' dir='ltr'><strong>saturitate</strong></span> <span class='ocrx_word' id='word_1_186' title='bbox 334 2597 451 2662; x_wconf 80' lang='lat' dir='ltr'><strong>uentris</strong></span> <span class='ocrx_word' id='word_1_187' title='bbox 470 2597 658 2664; x_wconf 87' lang='lat' dir='ltr'><strong>desiderans:</strong></span> <span class='ocrx_word' id='word_1_188' title='bbox 678 2599 747 2662; x_wconf 87' lang='lat' dir='ltr'><strong>tum</strong></span> <span class='ocrx_word' id='word_1_189' title='bbox 768 2615 842 2682; x_wconf 82' lang='lat' dir='ltr'><strong>grex</strong></span> <span class='ocrx_word' id='word_1_190' title='bbox 856 2597 1046 2660; x_wconf 86' lang='lat' dir='ltr'><strong>coturnicum</strong></span> <span class='ocrx_word' id='word_1_191' title='bbox 1059 2611 1186 2677; x_wconf 86' lang='lat' dir='ltr'><strong>superne</strong></span> 
     </span>
    </p>
   </div>
   <div class='ocr_carea' id='block_1_3' title="bbox 36 2692 1215 3302">
    <p class='ocr_par' dir='ltr' id='par_1_14' title="bbox 36 2692 1214 2989">
     <span class='ocr_line' id='line_1_23' title="bbox 36 2692 1214 2782; baseline 0.005 -24"><span class='ocrx_word' id='word_1_192' title='bbox 36 2745 37 2758; x_wconf 67' lang='grc'>,</span> <span class='ocrx_word' id='word_1_193' title='bbox 92 2692 175 2760; x_wconf 76' lang='lat' dir='ltr'><strong>absus</strong></span> <span class='ocrx_word' id='word_1_194' title='bbox 188 2701 288 2765; x_wconf 87' lang='lat' dir='ltr'><strong>castra</strong></span> <span class='ocrx_word' id='word_1_195' title='bbox 303 2699 450 2782; x_wconf 89' lang='lat' dir='ltr'><strong>oppleuit.</strong></span> <span class='ocrx_word' id='word_1_196' title='bbox 465 2701 584 2782; x_wconf 86' lang='lat' dir='ltr'><strong>postero</strong></span> <span class='ocrx_word' id='word_1_197' title='bbox 599 2701 702 2766; x_wconf 87' lang='lat' dir='ltr'><strong>autem</strong></span> <span class='ocrx_word' id='word_1_198' title='bbox 713 2699 1021 2766; x_wconf 85' lang='lat' dir='ltr'><strong>dicnnimaduertunt</strong></span> <span class='ocrx_word' id='word_1_199' title='bbox 1034 2697 1089 2780; x_wconf 89' lang='lat' dir='ltr'><strong>qui</strong></span> <span class='ocrx_word' id='word_1_200' title='bbox 1102 2697 1214 2764; x_wconf 77' lang='lat' dir='ltr'><strong>cubae</strong></span> 
     </span>
     <span class='ocr_line' id='line_1_24' title="bbox 92 2798 1185 2886; baseline 0.001 -23"><span class='ocrx_word' id='word_1_201' title='bbox 92 2798 403 2882; x_wconf 66' lang='lat' dir='ltr'><strong>compromiserant,</strong></span> <span class='ocrx_word' id='word_1_202' title='bbox 425 2803 529 2884; x_wconf 85' lang='lat' dir='ltr'><strong>paruis</strong></span> <span class='ocrx_word' id='word_1_203' title='bbox 548 2803 732 2885; x_wconf 84' lang='lat' dir='ltr'><strong>quibusdam</strong></span> <span class='ocrx_word' id='word_1_204' title='bbox 752 2803 875 2886; x_wconf 86' lang='lat' dir='ltr'><strong>siliquis</strong></span> <span class='ocrx_word' id='word_1_205' title='bbox 894 2802 1051 2885; x_wconf 91' lang='lat' dir='ltr'><strong>oppletum</strong></span> <span class='ocrx_word' id='word_1_206' title='bbox 1070 2800 1185 2865; x_wconf 90' lang='lat' dir='ltr'><strong>solum:</strong></span> 
     </span>
     <span class='ocr_line' id='line_1_25' title="bbox 92 2903 1188 2989; baseline -0.009 -13"><span class='ocrx_word' id='word_1_207' title='bbox 92 2914 190 2976; x_wconf 68' lang='lat' dir='ltr'><strong>illrum</strong></span> <span class='ocrx_word' id='word_1_208' title='bbox 211 2906 328 2987; x_wconf 84' lang='lat' dir='ltr'><strong>specics</strong></span> <span class='ocrx_word' id='word_1_209' title='bbox 349 2905 383 2970; x_wconf 91' lang='lat' dir='ltr'><strong>in</strong></span> <span class='ocrx_word' id='word_1_210' title='bbox 404 2905 532 2972; x_wconf 89' lang='lat' dir='ltr'><strong>modum</strong></span> <span class='ocrx_word' id='word_1_211' title='bbox 553 2906 702 2972; x_wconf 83' lang='lat' dir='ltr'><strong>coriandri</strong></span> <span class='ocrx_word' id='word_1_212' title='bbox 724 2906 849 2972; x_wconf 84' lang='lat' dir='ltr'><strong>seminis</strong></span> <span class='ocrx_word' id='word_1_213' title='bbox 873 2904 997 2989; x_wconf 82' lang='lat' dir='ltr'><strong>glaciali</strong></span> <span class='ocrx_word' id='word_1_214' title='bbox 1018 2903 1188 2968; x_wconf 85' lang='lat' dir='ltr'><strong>albitudine</strong></span> 
     </span>
    </p>

    <p class='ocr_par' dir='ltr' id='par_1_15' title="bbox 72 3003 1215 3195">
     <span class='ocr_line' id='line_1_26' title="bbox 72 3003 1215 3090; baseline 0.007 -30"><span class='ocrx_word' id='word_1_215' title='bbox 72 3003 150 3080; x_wconf 80' lang='lat' dir='ltr'><strong>cerat,</strong></span> <span class='ocrx_word' id='word_1_216' title='bbox 165 3007 198 3072; x_wconf 90' lang='lat' dir='ltr'><strong>ut</strong></span> <span class='ocrx_word' id='word_1_217' title='bbox 209 3009 317 3074; x_wconf 41' lang='lat' dir='ltr'><strong>¹¹crebro</strong></span> <span class='ocrx_word' id='word_1_218' title='bbox 332 3009 638 3076; x_wconf 84' lang='lat' dir='ltr'><strong>hibernismeusibns</strong></span> <span class='ocrx_word' id='word_1_219' title='bbox 653 3008 844 3090; x_wconf 75' lang='lat' dir='ltr'><strong>superductis</strong></span> <span class='ocrx_word' id='word_1_220' title='bbox 862 3007 981 3090; x_wconf 88' lang='lat' dir='ltr'><strong>pruinis</strong></span> <span class='ocrx_word' id='word_1_221' title='bbox 994 3006 1060 3090; x_wconf 79' lang='lat' dir='ltr'><strong>tegi</strong></span> <span class='ocrx_word' id='word_1_222' title='bbox 1072 3006 1215 3078; x_wconf 64' lang='lat' dir='ltr'><strong>terrama</strong></span> 
     </span>
     <span class='ocr_line' id='line_1_27' title="bbox 93 3101 1187 3195; baseline 0.005 -28"><span class='ocrx_word' id='word_1_223' title='bbox 93 3101 211 3176; x_wconf 76' lang='lat' dir='ltr'><strong>memus.</strong></span> <span class='ocrx_word' id='word_1_224' title='bbox 233 3103 306 3177; x_wconf 79' lang='lat' dir='ltr'><strong>bum</strong></span> <span class='ocrx_word' id='word_1_225' title='bbox 326 3130 381 3194; x_wconf 86' lang='lat' dir='ltr'><strong>per</strong></span> <span class='ocrx_word' id='word_1_226' title='bbox 399 3112 526 3195; x_wconf 81' lang='lat' dir='ltr'><strong>Moysen</strong></span> <span class='ocrx_word' id='word_1_227' title='bbox 546 3113 676 3194; x_wconf 86' lang='lat' dir='ltr'><strong>populus</strong></span> <span class='ocrx_word' id='word_1_228' title='bbox 698 3112 893 3190; x_wconf 82' lang='lat' dir='ltr'><strong>admonetur,</strong></span> <span class='ocrx_word' id='word_1_229' title='bbox 915 3127 1024 3194; x_wconf 83' lang='lat' dir='ltr'><strong>pannem</strong></span> <span class='ocrx_word' id='word_1_230' title='bbox 1043 3108 1125 3174; x_wconf 89' lang='lat' dir='ltr'><strong>bunc</strong></span> <span class='ocrx_word' id='word_1_231' title='bbox 1143 3107 1187 3173; x_wconf 90' lang='lat' dir='ltr'><strong>eis</strong></span> 
     </span>
    </p>

    <p class='ocr_par' dir='ltr' id='par_1_16' title="bbox 36 3211 1188 3302">
     <span class='ocr_line' id='line_1_28' title="bbox 36 3211 1188 3302; baseline 0.002 -29"><span class='ocrx_word' id='word_1_232' title='bbox 36 3261 37 3302; x_wconf 63' lang='lat'><strong><em>,</em></strong></span> <span class='ocrx_word' id='word_1_233' title='bbox 93 3221 188 3275; x_wconf 82' lang='lat' dir='ltr'><strong>manere</strong></span> <span class='ocrx_word' id='word_1_234' title='bbox 200 3214 334 3280; x_wconf 88' lang='lat' dir='ltr'><strong>missum</strong></span> <span class='ocrx_word' id='word_1_235' title='bbox 343 3215 416 3280; x_wconf 91' lang='lat' dir='ltr'><strong>Dei:</strong></span> <span class='ocrx_word' id='word_1_236' title='bbox 432 3233 679 3298; x_wconf 76' lang='lat' dir='ltr'><strong>imumquemquc</strong></span> <span class='ocrx_word' id='word_1_237' title='bbox 692 3214 725 3280; x_wconf 91' lang='lat' dir='ltr'><strong>in</strong></span> <span class='ocrx_word' id='word_1_238' title='bbox 739 3214 776 3280; x_wconf 85' lang='lat' dir='ltr'><strong>id</strong></span> <span class='ocrx_word' id='word_1_239' title='bbox 786 3214 902 3296; x_wconf 83' lang='lat' dir='ltr'><strong>parntis</strong></span> <span class='ocrx_word' id='word_1_240' title='bbox 915 3211 1051 3280; x_wconf 85' lang='lat' dir='ltr'><strong>uasculis</strong></span> <span class='ocrx_word' id='word_1_241' title='bbox 1064 3212 1188 3276; x_wconf 84' lang='lat' dir='ltr'><strong>tantum</strong></span> 
     </span>
    </p>
   </div>
   <div class='ocr_carea' id='block_1_4' title="bbox 170 3417 598 3478">
    <p class='ocr_par' dir='ltr' id='par_1_17' title="bbox 170 3417 598 3478">
     <span class='ocr_line' id='line_1_29' title="bbox 170 3417 598 3478; baseline -0.005 -4"><span class='ocrx_word' id='word_1_242' title='bbox 170 3418 202 3478; x_wconf 91' lang='grc'><strong>11</strong></span> <span class='ocrx_word' id='word_1_243' title='bbox 219 3419 299 3474; x_wconf 86' lang='lat' dir='ltr'><strong>Excd.</strong></span> <span class='ocrx_word' id='word_1_244' title='bbox 322 3419 365 3478; x_wconf 87' lang='lat'><strong>15.</strong></span> <span class='ocrx_word' id='word_1_245' title='bbox 404 3417 440 3474; x_wconf 89' lang='grc'><strong>19</strong></span> <span class='ocrx_word' id='word_1_246' title='bbox 458 3418 538 3474; x_wconf 69' lang='lat' dir='ltr'><strong>naen</strong></span> <span class='ocrx_word' id='word_1_247' title='bbox 554 3418 598 3476; x_wconf 81' lang='lat'><strong>16.</strong></span> 
     </span>
    </p>
   </div>
   <div class='ocr_carea' id='block_1_5' title="bbox 36 3583 1189 4426">
    <p class='ocr_par' dir='ltr' id='par_1_18' title="bbox 131 3583 1189 3658">
     <span class='ocr_line' id='line_1_30' title="bbox 131 3583 1189 3658; baseline -0.003 -17"><span class='ocrx_word' id='word_1_248' title='bbox 131 3585 277 3654; x_wconf 70' lang='lat' dir='ltr'><strong>iserniae</strong></span> <span class='ocrx_word' id='word_1_249' title='bbox 294 3591 379 3644; x_wconf 87' lang='lat' dir='ltr'><strong>ullum</strong></span> <span class='ocrx_word' id='word_1_250' title='bbox 443 3589 460 3646; x_wconf 89' lang='lat'>3</span> <span class='ocrx_word' id='word_1_251' title='bbox 480 3589 605 3658; x_wconf 89' lang='lat' dir='ltr'><strong>queniam</strong></span> <span class='ocrx_word' id='word_1_252' title='bbox 624 3589 736 3658; x_wconf 73' lang='lat' dir='ltr'><strong>scripsi:</strong></span> <span class='ocrx_word' id='word_1_253' title='bbox 758 3603 811 3658; x_wconf 88' lang='lat' dir='ltr'><strong>qne</strong></span> <span class='ocrx_word' id='word_1_254' title='bbox 830 3587 874 3640; x_wconf 88' lang='lat' dir='ltr'><strong>Pb</strong></span> <span class='ocrx_word' id='word_1_255' title='bbox 893 3585 1044 3656; x_wconf 78' lang='lat' dir='ltr'><strong>(proquo),</strong></span> <span class='ocrx_word' id='word_1_256' title='bbox 1064 3584 1134 3654; x_wconf 89' lang='lat' dir='ltr'><strong>qued</strong></span> <span class='ocrx_word' id='word_1_257' title='bbox 1154 3583 1189 3638; x_wconf 84' lang='lat' dir='ltr'><strong>dc</strong></span> 
     </span>
    </p>

    <p class='ocr_par' dir='ltr' id='par_1_19' title="bbox 36 3667 1187 3744">
     <span class='ocr_line' id='line_1_31' title="bbox 36 3667 1187 3744; baseline -0.01 -10"><span class='ocrx_word' id='word_1_258' title='bbox 36 3671 37 3676; x_wconf 50' lang='lat'>&#39;</span> <span class='ocrx_word' id='word_1_259' title='bbox 97 3667 162 3726; x_wconf 77' lang='lat' dir='ltr'><strong>Proto</strong></span> <span class='ocrx_word' id='word_1_260' title='bbox 206 3677 399 3732; x_wconf 75' lang='lat' dir='ltr'><strong>dexcercitum</strong></span> <span class='ocrx_word' id='word_1_261' title='bbox 412 3675 452 3744; x_wconf 92' lang='lat' dir='ltr'><strong>P,</strong></span> <span class='ocrx_word' id='word_1_262' title='bbox 464 3676 529 3730; x_wconf 81' lang='lat' dir='ltr'><strong>item</strong></span> <span class='ocrx_word' id='word_1_263' title='bbox 539 3691 562 3729; x_wconf 88' lang='lat' dir='ltr'><strong>c.</strong></span> <span class='ocrx_word' id='word_1_264' title='bbox 576 3678 611 3728; x_wconf 89' lang='lat'><strong>10</strong></span> <span class='ocrx_word' id='word_1_265' title='bbox 622 3671 754 3728; x_wconf 82' lang='lat' dir='ltr'><strong>excercitu</strong></span> <span class='ocrx_word' id='word_1_266' title='bbox 805 3669 1187 3740; x_wconf 64' lang='lat' dir='ltr'><strong>lcabauelut-acgyptius</strong></span> 
     </span>
    </p>

    <p class='ocr_par' dir='ltr' id='par_1_20' title="bbox 96 3751 1186 3831">
     <span class='ocr_line' id='line_1_32' title="bbox 96 3751 1186 3831; baseline -0.002 -20"><span class='ocrx_word' id='word_1_267' title='bbox 96 3751 152 3810; x_wconf 74' lang='lat' dir='ltr'><strong>Pin</strong></span> <span class='ocrx_word' id='word_1_268' title='bbox 166 3759 246 3816; x_wconf 77' lang='lat' dir='ltr'><strong>lituro</strong></span> <span class='ocrx_word' id='word_1_269' title='bbox 261 3763 367 3831; x_wconf 74' lang='lat' dir='ltr'><strong>scripta</strong></span> <span class='ocrx_word' id='word_1_270' title='bbox 383 3761 462 3816; x_wconf 82' lang='lat' dir='ltr'><strong>babet</strong></span> <span class='ocrx_word' id='word_1_271' title='bbox 467 3802 476 3829; x_wconf 96' lang='lat'><strong><em>,</em></strong></span> <span class='ocrx_word' id='word_1_272' title='bbox 498 3759 546 3814; x_wconf 80' lang='lat' dir='ltr'><strong>sed</strong></span> <span class='ocrx_word' id='word_1_273' title='bbox 559 3761 654 3828; x_wconf 75' lang='lat' dir='ltr'><strong>prima</strong></span> <span class='ocrx_word' id='word_1_274' title='bbox 670 3775 757 3813; x_wconf 77' lang='lat' dir='ltr'><strong>meac</strong></span> <span class='ocrx_word' id='word_1_275' title='bbox 818 3758 854 3814; x_wconf 95' lang='grc'><strong>11</strong></span> <span class='ocrx_word' id='word_1_276' title='bbox 872 3756 1056 3811; x_wconf 84' lang='lat' dir='ltr'><strong>incolumitate</strong></span> <span class='ocrx_word' id='word_1_277' title='bbox 1073 3771 1186 3818; x_wconf 88' lang='lat' dir='ltr'><strong>suorum,</strong></span> 
     </span>
    </p>

    <p class='ocr_par' dir='ltr' id='par_1_21' title="bbox 36 3839 1189 3908">
     <span class='ocr_line' id='line_1_33' title="bbox 36 3839 1189 3908; baseline -0.001 -13"><span class='ocrx_word' id='word_1_278' title='bbox 36 3873 37 3878; x_wconf 22' lang='grc' dir='ltr'><strong>κ</strong></span> <span class='ocrx_word' id='word_1_279' title='bbox 97 3839 316 3902; x_wconf 68' lang='lat' dir='ltr'><strong>menomenae:</strong></span> <span class='ocrx_word' id='word_1_280' title='bbox 342 3845 527 3901; x_wconf 84' lang='lat' dir='ltr'><strong>incolumitate</strong></span> <span class='ocrx_word' id='word_1_281' title='bbox 543 3845 653 3899; x_wconf 76' lang='lat' dir='ltr'><strong>exitium</strong></span> <span class='ocrx_word' id='word_1_282' title='bbox 670 3843 789 3899; x_wconf 84' lang='lat' dir='ltr'><strong>hostium</strong></span> <span class='ocrx_word' id='word_1_283' title='bbox 805 3843 845 3908; x_wconf 90' lang='lat' dir='ltr'><strong>P,</strong></span> <span class='ocrx_word' id='word_1_284' title='bbox 872 3859 911 3896; x_wconf 79' lang='lat' dir='ltr'><strong>aa</strong></span> <span class='ocrx_word' id='word_1_285' title='bbox 927 3841 962 3896; x_wconf 88' lang='lat' dir='ltr'><strong>cb</strong></span> <span class='ocrx_word' id='word_1_286' title='bbox 977 3841 1189 3896; x_wconf 86' lang='lat' dir='ltr'><strong>incolumitatem</strong></span> 
     </span>
    </p>

    <p class='ocr_par' dir='ltr' id='par_1_22' title="bbox 97 3925 1189 4000">
     <span class='ocr_line' id='line_1_34' title="bbox 97 3925 1189 4000; baseline -0.003 -18"><span class='ocrx_word' id='word_1_287' title='bbox 97 3931 416 3987; x_wconf 62' lang='lat' dir='ltr'><strong>nannetensium?</strong></span> <span class='ocrx_word' id='word_1_288' title='bbox 434 3933 447 4000; x_wconf 76' lang='grc'><strong>11</strong></span> <span class='ocrx_word' id='word_1_289' title='bbox 466 3932 569 3985; x_wconf 71' lang='lat' dir='ltr'><strong>ubtute</strong></span> <span class='ocrx_word' id='word_1_290' title='bbox 589 3932 630 3985; x_wconf 86' lang='lat' dir='ltr'><strong>P:</strong></span> <span class='ocrx_word' id='word_1_291' title='bbox 648 3930 804 3998; x_wconf 82' lang='lat' dir='ltr'><strong>uirtuteque</strong></span> <span class='ocrx_word' id='word_1_292' title='bbox 818 3929 848 3993; x_wconf 88' lang='lat' dir='ltr'><strong>b,</strong></span> <span class='ocrx_word' id='word_1_293' title='bbox 870 3928 1024 3997; x_wconf 70' lang='lat' dir='ltr'><strong>ubtuteque</strong></span> <span class='ocrx_word' id='word_1_294' title='bbox 1042 3925 1094 3981; x_wconf 87' lang='lat' dir='ltr'><strong>Dei</strong></span> <span class='ocrx_word' id='word_1_295' title='bbox 1112 3925 1189 3995; x_wconf 72' lang='lat' dir='ltr'><strong>Sipo-</strong></span> 
     </span>
    </p>

    <p class='ocr_par' dir='ltr' id='par_1_23' title="bbox 36 4008 1178 4084">
     <span class='ocr_line' id='line_1_35' title="bbox 36 4008 1178 4084; baseline -0.008 -11"><span class='ocrx_word' id='word_1_296' title='bbox 36 4023 37 4026; x_wconf 75' lang='grc'>’</span> <span class='ocrx_word' id='word_1_297' title='bbox 97 4008 145 4065; x_wconf 56' lang='lat' dir='ltr'><strong>till</strong></span> <span class='ocrx_word' id='word_1_298' title='bbox 195 4017 230 4074; x_wconf 81' lang='lat'><strong>12</strong></span> <span class='ocrx_word' id='word_1_299' title='bbox 246 4017 397 4073; x_wconf 82' lang='lat' dir='ltr'><strong>Dommob</strong></span> <span class='ocrx_word' id='word_1_300' title='bbox 449 4017 487 4074; x_wconf 89' lang='lat'><strong>13</strong></span> <span class='ocrx_word' id='word_1_301' title='bbox 504 4017 625 4071; x_wconf 89' lang='lat' dir='ltr'><strong>mulieris</strong></span> <span class='ocrx_word' id='word_1_302' title='bbox 645 4017 673 4070; x_wconf 94' lang='lat' dir='ltr'><strong><em>P</em></strong></span> <span class='ocrx_word' id='word_1_303' title='bbox 691 4015 859 4084; x_wconf 65' lang='lat' dir='ltr'><strong>{imgressus</strong></span> <span class='ocrx_word' id='word_1_304' title='bbox 879 4015 920 4083; x_wconf 93' lang='lat' dir='ltr'><strong>P,</strong></span> <span class='ocrx_word' id='word_1_305' title='bbox 946 4030 993 4068; x_wconf 79' lang='lat' dir='ltr'><strong>cao.</strong></span> <span class='ocrx_word' id='word_1_306' title='bbox 1015 4011 1147 4082; x_wconf 72' lang='lat' dir='ltr'><strong>Siponbce</strong></span> <span class='ocrx_word' id='word_1_307' title='bbox 1164 4011 1178 4078; x_wconf 79' lang='grc' dir='ltr'><strong>ΙΙ</strong></span> 
     </span>
    </p>

    <p class='ocr_par' dir='ltr' id='par_1_24' title="bbox 98 4089 1188 4172">
     <span class='ocr_line' id='line_1_36' title="bbox 98 4089 1188 4172; baseline -0.006 -17"><span class='ocrx_word' id='word_1_308' title='bbox 98 4089 205 4154; x_wconf 69' lang='lat' dir='ltr'><strong>heremum</strong></span> <span class='ocrx_word' id='word_1_309' title='bbox 226 4104 254 4158; x_wconf 90' lang='lat' dir='ltr'><strong><em>P</em></strong></span> <span class='ocrx_word' id='word_1_310' title='bbox 303 4103 341 4163; x_wconf 81' lang='lat'><strong>15</strong></span> <span class='ocrx_word' id='word_1_311' title='bbox 358 4103 516 4172; x_wconf 85' lang='lat' dir='ltr'><strong>impetentis</strong></span> <span class='ocrx_word' id='word_1_312' title='bbox 532 4103 602 4172; x_wconf 74' lang='lat' dir='ltr'><strong>(coa</strong></span> <span class='ocrx_word' id='word_1_313' title='bbox 618 4099 797 4171; x_wconf 85' lang='lat' dir='ltr'><strong>impatientis)</strong></span> <span class='ocrx_word' id='word_1_314' title='bbox 813 4100 854 4168; x_wconf 91' lang='lat' dir='ltr'><strong>P,</strong></span> <span class='ocrx_word' id='word_1_315' title='bbox 876 4097 1064 4168; x_wconf 79' lang='lat' dir='ltr'><strong>impotentisb</strong></span> <span class='ocrx_word' id='word_1_316' title='bbox 1088 4097 1101 4163; x_wconf 86' lang='grc' dir='ltr'><strong>ΙΙ</strong></span> <span class='ocrx_word' id='word_1_317' title='bbox 1128 4111 1188 4150; x_wconf 90' lang='lat' dir='ltr'><strong>con-</strong></span> 
     </span>
    </p>

    <p class='ocr_par' dir='ltr' id='par_1_25' title="bbox 98 4177 1189 4257">
     <span class='ocr_line' id='line_1_37' title="bbox 98 4177 1189 4257; baseline -0.005 -17"><span class='ocrx_word' id='word_1_318' title='bbox 98 4177 229 4242; x_wconf 60' lang='lat' dir='ltr'><strong>aman</strong></span> <span class='ocrx_word' id='word_1_319' title='bbox 289 4188 326 4246; x_wconf 81' lang='grc'><strong>19</strong></span> <span class='ocrx_word' id='word_1_320' title='bbox 349 4189 473 4249; x_wconf 87' lang='lat' dir='ltr'><strong>arborum</strong></span> <span class='ocrx_word' id='word_1_321' title='bbox 496 4188 557 4256; x_wconf 87' lang='lat' dir='ltr'><strong>Pb,</strong></span> <span class='ocrx_word' id='word_1_322' title='bbox 586 4203 633 4242; x_wconf 77' lang='lat' dir='ltr'><strong>cca.</strong></span> <span class='ocrx_word' id='word_1_323' title='bbox 659 4186 808 4257; x_wconf 67' lang='lat' dir='ltr'><strong>Sicaniae,</strong></span> <span class='ocrx_word' id='word_1_324' title='bbox 837 4185 873 4252; x_wconf 72' lang='lat' dir='ltr'><strong>cf.</strong></span> <span class='ocrx_word' id='word_1_325' title='bbox 896 4190 923 4253; x_wconf 87' lang='lat'><strong>1,</strong></span> <span class='ocrx_word' id='word_1_326' title='bbox 945 4185 992 4252; x_wconf 77' lang='lat'><strong>27,</strong></span> <span class='ocrx_word' id='word_1_327' title='bbox 1015 4184 1034 4236; x_wconf 81' lang='grc'><strong><em>3</em></strong></span> <span class='ocrx_word' id='word_1_328' title='bbox 1055 4181 1189 4236; x_wconf 78' lang='lat' dir='ltr'><strong>elium-um</strong></span> 
     </span>
    </p>

    <p class='ocr_par' dir='ltr' id='par_1_26' title="bbox 100 4263 1189 4426">
     <span class='ocr_line' id='line_1_38' title="bbox 100 4263 1189 4340; baseline 0.003 -21"><span class='ocrx_word' id='word_1_329' title='bbox 100 4263 293 4328; x_wconf 67' lang='lat' dir='ltr'><strong>annuamus</strong></span> <span class='ocrx_word' id='word_1_330' title='bbox 344 4275 523 4331; x_wconf 63' lang='lat' dir='ltr'><strong>iltumrex</strong></span> <span class='ocrx_word' id='word_1_331' title='bbox 544 4275 728 4328; x_wconf 86' lang='lat' dir='ltr'><strong>coturnuscum</strong></span> <span class='ocrx_word' id='word_1_332' title='bbox 745 4271 845 4340; x_wconf 78' lang='lat' dir='ltr'><strong>P,caa.</strong></span> <span class='ocrx_word' id='word_1_333' title='bbox 866 4269 927 4324; x_wconf 72' lang='lat' dir='ltr'><strong>inb</strong></span> <span class='ocrx_word' id='word_1_334' title='bbox 977 4267 1189 4325; x_wconf 74' lang='lat' dir='ltr'><strong>24albedineb</strong></span> 
     </span>
     <span class='ocr_line' id='line_1_39' title="bbox 139 4351 325 4426; baseline 0.022 -16"><span class='ocrx_word' id='word_1_335' title='bbox 139 4351 169 4410; x_wconf 73' lang='lat' dir='ltr'><strong>le</strong></span> <span class='ocrx_word' id='word_1_336' title='bbox 183 4359 325 4426; x_wconf 81' lang='lat' dir='ltr'><strong>pauucmP</strong></span> 
     </span>
    </p>
   </div>
   <div class='ocr_carea' id='block_1_6' title="bbox 0 0 1531 4984">
    <p class='ocr_par' dir='ltr' id='par_1_27' title="bbox 0 0 1531 4984">
     <span class='ocr_line' id='line_1_40' title="bbox 0 0 1531 4984; baseline 0 0"><span class='ocrx_word' id='word_1_337' title='bbox 0 0 1531 4984; x_wconf 95' lang='lat' dir='ltr'><strong> </strong></span> 
     </span>
    </p>
   </div>
  </div>
 </body>
</html>
