3050 4984
401 364 481 418 Vita
498 363 524 417 8.
542 363 686 419 Martini
703 379 725 417 c.
745 362 864 423 10-12.
1131 362 1192 429 121

115 516 170 582 Sed
184 520 221 583 ut
235 519 368 602 reliquas
381 519 513 585 uirtutes
527 520 608 598 eius,
631 539 708 603 quas
727 521 761 585 in
786 520 962 603 episcopatu
982 520 1062 605 ogit,
1084 519 1193 602 adgre-
1207 518 1243 582 11

83 620 153 700 liar,
168 622 235 686 erat
247 622 324 687 haut
337 624 428 707 longe
442 623 481 688 ab
495 623 606 705 oppido
619 624 776 707 proximus
791 624 974 689 monasterio
989 624 1088 701 loeus,
1104 640 1196 705 quem

33 753 34 758 ¹
83 724 147 790 lalsa
171 726 333 791 hominum
352 727 469 809 opinio,
492 727 579 792 uelut
598 727 784 809 consepultis
804 727 849 791 ibi
869 726 1072 810 martyribue‚
1095 742 1195 789 sama

83 831 175 894 uerat:
195 850 270 895 nam
283 831 315 894 et
334 830 431 895 altare
444 829 490 895 ibi
504 849 523 895 a
537 830 743 912 superioribus
757 830 906 912 episeopis
921 829 1125 895 constitutum
1138 828 1224 893 ha·2

33 957 34 960 ¹
68 931 207 997 rbebatur.
229 934 283 997 sed
296 933 450 999 Martinus
463 951 524 998 non
537 934 651 998 temere
664 934 812 999 adhibens
827 933 950 997 incertis
962 932 1065 1009 fidem,
1081 931 1119 995 ab
1134 929 1194 1009 his,

82 1036 125 1116 qui
142 1036 273 1100 maiores
291 1037 367 1101 natu
398 1037 498 1114 erant,
520 1036 705 1121 presbyteris
731 1036 783 1101 uel
813 1036 931 1101 clericis
957 1034 1119 1119 flagitabat
1138 1050 1194 1097 no·

33 1155 34 1170 ¹
82 1138 213 1202 nonsibi
228 1140 394 1222 martyris,
416 1141 539 1221 tempus
552 1139 701 1221 passionis
715 1140 853 1206 ostendi:
876 1138 985 1223 grandi
1007 1155 1038 1201 se
1053 1136 1195 1218 scrupulo

81 1242 254 1320 pemeueri,
276 1243 358 1325 quod
378 1242 458 1307 nihil
477 1242 553 1307 certi
573 1243 713 1308 constans
727 1242 789 1308 sibi
803 1242 955 1307 maiorum
969 1239 1117 1306 momoria
1130 1239 1195 1303 tra-

83 1342 205 1408 didisset.
230 1363 302 1409 oum
326 1345 505 1428 aliquandiu
530 1363 602 1430 ergo
628 1365 648 1411 a
670 1346 737 1410 looo
751 1346 806 1409 illo
833 1364 864 1410 se
890 1344 1107 1421 abstinuisset,
1140 1360 1223 1415 neca

61 1446 215 1531 odorogans
235 1448 393 1531 religioni,
422 1448 493 1529 quia
518 1448 652 1513 incertus
677 1449 757 1527 erat,
787 1467 843 1514 nec
867 1447 1081 1513 auctoritatem
1106 1464 1195 1509 suam

83 1550 162 1635 uulgo
187 1551 434 1630 adcommodans,
461 1570 500 1616 ne
513 1551 691 1633 superstitio
717 1552 952 1630 conualesceret‚
986 1548 1118 1632 quodam
1144 1546 1195 1611 die

83 1653 172 1732 paucis
191 1672 298 1719 seeum
322 1654 470 1719 adhibitis
494 1653 641 1719 fratribus
666 1655 706 1719 ad
726 1655 828 1719 locum
848 1653 960 1739 pergit.
982 1652 1091 1717 dehinc
1105 1660 1224 1732 supero

84 1756 265 1837 sepulchrum
290 1757 394 1839 ipsum
419 1758 542 1823 adstans
566 1758 668 1822 orauit
696 1758 736 1822 ad
759 1758 944 1835 Dominum,
966 1757 1003 1820 ut
1022 1756 1092 1838 quis
1115 1754 1195 1819 esset

84 1858 124 1921 uel
145 1860 232 1924 ouius
258 1861 364 1925 meriti
388 1862 468 1925 esset
493 1861 630 1943 sepultus
652 1861 832 1925 ostenderet.
872 1862 941 1925 tum
967 1876 1129 1925 conuersus
1155 1857 1195 1921 ad

64 1960 187 2027 oboram
202 1963 292 2028 uidet
304 1981 398 2045 prope
411 1964 559 2028 adsistere
572 1963 715 2028 umbram
729 1964 899 2043 sordidam,
915 1964 1048 2027 tmcem:
1064 1961 1196 2043 imperat

84 2082 177 2130 nomon
200 2067 411 2149 meritumque
435 2066 618 2149 loqueretur.
640 2085 751 2131 nomen
771 2067 880 2147 edicit,
903 2068 940 2131 de
961 2066 1088 2131 crimme
1102 2064 1196 2129 confi·

84 2167 163 2233 tetur:
178 2170 332 2234 latronem
346 2188 379 2233 so
392 2169 502 2248 fuisse,
518 2170 556 2233 ob
571 2171 684 2235 scelera
697 2188 884 2251 percussum,
901 2169 990 2253 uulgi
1004 2186 1103 2233 errore
1117 2166 1196 2231 cele-

84 2268 209 2337 bratum:
233 2273 295 2337 sibi
320 2272 401 2337 nihil
426 2291 497 2337 cum
522 2273 710 2356 martyribus
735 2291 800 2337 esse
826 2290 1001 2349 commune,
1024 2290 1096 2335 cum
1124 2270 1196 2333 illos

85 2373 178 2454 gloria,
201 2394 235 2440 se
250 2393 347 2458 poena
360 2375 512 2439 retineret.
536 2376 651 2440 mirum
666 2376 698 2440 in
712 2376 841 2439 modum
855 2392 961 2439 uocem
975 2372 1127 2456 loquentis
1142 2370 1223 2452 quio

66 2476 191 2542 oderant
206 2478 389 2556 audiebant,
411 2496 572 2559 personam
586 2479 766 2544 tamennon
780 2478 934 2543 uidebant.
959 2478 1028 2542 turn
1042 2474 1196 2541 Martinus

87 2579 144 2658 quid
157 2581 289 2646 uidisset
303 2582 443 2663 exposuit
456 2581 608 2664 iussitque
622 2602 658 2646 er
672 2600 707 2646 eo
722 2582 788 2645 loco
803 2581 914 2658 altare,
930 2580 1011 2664 quod
1025 2579 1070 2643 ibi
1084 2577 1195 2655 fuerat,

86 2682 260 2763 submoueri,
297 2685 396 2767 adque
429 2685 475 2750 ita
507 2686 655 2767 populum
689 2684 914 2766 superstitionis
949 2682 1035 2747 illiue
1063 2680 1198 2746 absoluit

88 2802 177 2851 erroro.

34 2905 35 2974 1
118 2887 236 2955 Accidit
258 2892 362 2955 autem
376 2891 548 2972 insequenti
561 2892 713 2972 tempore,
734 2890 811 2954 dum
836 2889 896 2954 iter
921 2889 1040 2973 ageret,
1063 2888 1099 2952 ut
1124 2904 1198 2969 gen·
1212 2889 1250 2953 11
1370 2918 1372 2927 v

67 2988 140 3054 adds
157 2993 318 3059 cuiusdam
338 3011 455 3076 corpus,
472 2994 552 3076 qnod
573 2994 612 3058 ad
626 2993 822 3074 sepulchrum
837 3011 908 3057 eum
922 2990 1132 3073 superstitioso
1147 2987 1198 3052 fu-

89 3110 144 3157 nere
156 3095 362 3174 deferebatur,
378 3097 506 3161 obuium
519 3096 659 3161 haberet:
676 3096 926 3177 conspicatusque
941 3094 1059 3159 eminus
1072 3092 1197 3156 uenien-

89 3193 154 3260 tium
167 3199 306 3276 turbam,
329 3200 475 3281 quidnam
497 3199 529 3263 id
554 3200 634 3264 esset
659 3199 800 3283 ignarus,
823 3198 984 3279 paululum
999 3195 1102 3260 stetit:
1125 3212 1198 3259 nam

91 3294 138 3363 lere
150 3302 386 3387 quingentorum
400 3321 545 3384 passuum
560 3302 759 3367 interuallum
785 3302 865 3379 erat,
889 3301 925 3365 ut
950 3294 1076 3364 difficile
1102 3297 1196 3362 fuerit

92 3398 225 3469 dinoscere
240 3405 315 3488 quid
329 3405 457 3470 uideret.
481 3406 585 3470 tamen
610 3405 682 3487 quia
706 3405 855 3469 rusticam
875 3422 1002 3469 manum
1018 3402 1151 3466 comeret
1166 3401 1226 3465 eta

132 3624 217 3680 leius
239 3627 305 3681 AF:
334 3644 382 3681 eu·
404 3628 439 3692 V,
458 3630 485 3681 et
508 3626 535 3682 V
552 3642 621 3681 corr.
698 3624 895 3680 2monasterio
916 3623 1016 3678 BMV:
1043 3618 1199 3677 monasterii

35 3707 36 3756 l
93 3706 150 3765 rra
214 3713 304 3770 6sibi
324 3730 454 3767 nomene
485 3714 498 3781 ΙΙ
527 3714 633 3781 tempus
657 3712 693 3766 V:
716 3713 837 3779 tempora
856 3707 953 3779 ΑΕΘ,
979 3708 1024 3763 uel
1044 3711 1199 3776 temporeo

35 3793 36 3802 ’
134 3796 168 3853 10
182 3799 338 3869 religionem
353 3800 380 3854 V
396 3798 473 3853 lrood
492 3799 682 3853 remcareeto
758 3795 794 3851 11
814 3794 927 3864 quadam
948 3794 976 3848 A
1050 3793 1085 3849 12
1103 3789 1199 3845 dehinc

35 3855 37 3956 1
97 3877 124 3933 V:
143 3882 199 3937 dein
218 3886 258 3949 A,
276 3884 371 3938 deinde
389 3884 436 3939 Fo
514 3884 550 3940 13
570 3884 640 3937 esset
659 3899 708 3937 om.
730 3881 758 3935 Β
845 3881 883 3937 14
901 3882 972 3934 esset
992 3879 1112 3949 seprdtus
1132 3876 1200 3930 BV:

35 3979 36 3992 ¹
95 3969 150 4019 uret
167 3985 214 4024 om.
234 3970 307 4025 AFo
378 3971 414 4029 15
431 3968 507 4024 uidet
527 3969 593 4023 AV:
629 3967 701 4022 uidit
717 3968 761 4021 Fa
793 3969 805 4035 ΙΙ
827 3981 907 4036 prope
927 3983 975 4021 oro.
1003 3965 1029 4020 V
1057 3965 1069 4031 ΙΙ
1098 3978 1200 4015 crucem

99 4046 124 4117 V,
139 4057 275 4111 aotrmem
293 4057 325 4111 F
341 4059 407 4111 aad
476 4054 513 4111 16
532 4055 684 4123 loqueretur
700 4053 736 4107 V:
762 4055 793 4106 nt
813 4052 966 4121 loqueretur
986 4050 1072 4113 ffb,
1099 4050 1130 4101 ut
1140 4047 1203 4101 ΒΜ

97 4143 255 4195 colonomon
273 4144 373 4197 babere
444 4140 480 4198 19
498 4139 643 4194 immodum
658 4140 695 4207 V,
711 4140 887 4207 ttem122,6
951 4132 1201 4193 reteneamus

138 4224 171 4281 16
186 4228 332 4282 obuiamF
391 4227 429 4284 27
448 4227 476 4281 id
488 4242 535 4284 ora.
549 4226 577 4278 A
599 4227 612 4294 ΙΙ
633 4223 812 4293 panlolumF
832 4224 844 4291 ΙΙ
866 4239 928 4275 nam
939 4224 998 4274 tum
1009 4219 1063 4273 fere
1075 4219 1113 4283 F,
1137 4234 1200 4272 nam

36 4287 37 4366 J
100 4310 238 4383 omrerep
282 4313 320 4371 28
332 4312 442 4367 difficile
452 4311 477 4366 ei
486 4310 555 4367 corti.
567 4310 695 4365 deProto
737 4304 785 4366 ⁴29
798 4308 932 4363 dinoscere
944 4303 1201 4375 metzdignosceroa
