3050 4984
485 358 599 414 Chron.
618 359 654 412 II.
673 358 793 415 36-38.
1163 361 1202 424 91

65 514 99 575 nt
113 511 336 577 Athanasium
351 513 479 579 ecclesia
493 514 720 591 submonerent,
736 515 789 596 qui
805 533 925 597 semper
940 515 984 579 eis
999 514 1087 579 uelut
1098 533 1205 578 murus

65 614 254 679 obstiterat:
271 635 331 697 qno
346 618 465 681 remoto
479 617 613 698 reliquos
627 618 660 682 in
674 618 834 683 libidinem
852 636 940 682 snam
952 637 1089 683 cessuros
1102 636 1205 699 spera·

63 718 150 782 hant.
177 718 237 782 sed
263 738 335 800 pars
362 720 589 802 opiscoporum,
616 740 695 802 quae
720 719 828 785 Aurios
855 721 1054 801 sequebatur,
1078 720 1235 785 damna-7

63 821 185 885 tionem
209 819 379 887 Athanasii
400 823 540 905 cupitam
567 824 700 907 accepit:
723 843 795 905 pars
811 824 909 888 coacti
924 825 1011 887 metu
1027 825 1058 887 et
1073 822 1206 887 faotione

45 924 94 989 :in
107 924 224 989 studia
240 924 380 1006 partium
394 928 620 991 concesserant:
643 926 750 1009 pauci,
774 926 885 1007 quibus
900 925 975 1004 fides
991 946 1062 991 cara
1077 926 1109 989 et
1123 926 1205 989 neri·

62 1030 110 1090 tas
124 1026 238 1108 potior
263 1028 346 1103 erat,
369 1028 520 1093 iniustum
547 1029 698 1094 iudicium
722 1048 783 1093 non
809 1014 1007 1110 receperunt:
1030 1028 1206 1109 intorques

62 1129 243 1206 Paulinae,
267 1130 427 1211 opiscopus
443 1130 667 1208 Treuerorum,
691 1131 796 1197 oblata
822 1131 881 1197 sibi
908 1130 1038 1213 epistola
1063 1131 1109 1196 ita
1132 1130 1205 1195 sub-

62 1232 232 1314 scripsisse
258 1232 415 1309 traditur,
439 1252 471 1297 se
495 1234 528 1297 in
553 1234 680 1300 Photini
705 1236 798 1315 atquc
821 1233 961 1299 Marcelli
976 1233 1206 1299 damnationem

62 1335 215 1417 praebere
232 1352 427 1412 consensum,
444 1336 482 1401 de
497 1335 670 1401 Athanasio
685 1356 745 1401 non
758 1336 896 1419 probare.

38 1466 56 1504 o
101 1438 191 1501 Tum
222 1456 298 1501 uero
323 1436 465 1515 Arriani,
499 1440 553 1503 ubi
579 1439 642 1503 doli
668 1459 779 1521 parum
805 1441 1035 1521 processerant,
1059 1439 1092 1503 ni
1115 1442 1256 1521 agere38

62 1541 248 1605 decernunt.
274 1559 347 1604 nam
373 1540 526 1622 quidlibet
552 1542 663 1606 audere
686 1543 778 1623 atque
801 1560 891 1624 agere
912 1541 1003 1606 facile
1029 1544 1095 1606 erat
1122 1542 1204 1625 regis

61 1643 209 1708 amicitia
233 1642 389 1719 subnixia,
418 1662 510 1724 quem
533 1644 593 1707 sibi
615 1644 719 1726 prauis
742 1644 971 1710 adunationibus
993 1644 1201 1709 demmerant.

63 1747 133 1827 quin
155 1746 265 1809 etiam
286 1764 323 1809 ex
338 1746 531 1811 consensione
546 1746 718 1811 multorum
737 1746 989 1829 inexpugnabiles
1000 1749 1108 1811 erant:
1130 1755 1231 1811 namn

62 1868 166 1913 omnes
183 1847 255 1912 fere
271 1848 404 1912 duarum
424 1848 653 1914 Pannoniarum
674 1850 808 1932 episcopi
830 1850 983 1931 multique
998 1848 1203 1915 Orientalium

39 1970 94 2015 eac
108 1953 183 2015 tota
199 1949 284 2014 Asia
298 1951 332 2014 in
345 1950 474 2033 perfidia
489 1971 595 2016 eorum
610 1952 854 2017 coniurauerant.
879 1954 933 2017 sed
953 1953 1106 2035 principes
1127 1952 1231 2020 1111113

62 2055 152 2119 istius
168 2053 373 2117 habebantur
389 2073 407 2118 a
422 2053 591 2138 Singiduno
607 2054 766 2131 Vrsatins,
790 2054 905 2121 Valens
926 2076 944 2119 a
959 2056 1080 2132 Mursa,
1103 2056 1203 2119 Hera-

64 2157 119 2221 clia
147 2156 352 2232 Theodorus,
386 2155 560 2239 Stephanus
585 2156 810 2234 Antiochenus,
845 2157 975 2223 Aeetius
1002 2178 1020 2223 a
1046 2157 1203 2234 Caesarea,

64 2260 269 2325 llenofantus
284 2260 420 2341 Epheso,
447 2258 598 2343 Georgius
613 2261 773 2337 Laodicia,
796 2260 960 2326 Narcissus
976 2280 994 2325 a
1008 2261 1202 2343 Neronopoli.

65 2362 154 2427 hiita
176 2361 341 2445 palatium
362 2365 600 2444 occupauerant,
624 2365 660 2427 nt
682 2364 761 2427 nihil
784 2364 848 2427 sinc
871 2382 976 2427 corum
997 2365 1077 2427 nutu
1099 2364 1233 2445 egeret4

42 2464 256 2548 simperator,
292 2464 439 2538 obnoxius
465 2466 590 2546 quidem
617 2446 774 2543 omnibus,
810 2465 863 2529 sed
889 2465 1052 2548 praecipue
1078 2464 1204 2529 Valenti

66 2568 201 2633 deditus.
225 2586 303 2631 nam
318 2586 353 2631 eo
367 2568 521 2651 tempore,
540 2588 599 2649 qno
615 2569 697 2651 apud
712 2569 852 2633 Mnrsam
869 2571 975 2633 contra
989 2568 1232 2651 Magnentinm5

68 2670 156 2735 armis
174 2671 353 2747 certatum,
377 2669 574 2735 Constantius
600 2671 780 2736 descendere
802 2671 835 2735 in
861 2673 1057 2754 conspectum
1083 2689 1204 2755 pugnae

67 2793 119 2838 non
135 2792 237 2837 ausus
254 2772 287 2835 in
302 2772 432 2838 basilica
446 2776 621 2855 martyrum
637 2776 723 2839 extra
734 2774 883 2857 oppidum
898 2774 973 2852 sita,
991 2774 1121 2838 Valente
1135 2775 1204 2838 tum

67 2876 127 2939 eins
141 2876 209 2939 loci
225 2874 369 2957 episcopo
384 2874 417 2938 in
432 2876 578 2940 solatium
593 2879 768 2959 assumpto,
792 2876 966 2942 diuersatns
988 2878 1044 2941 est.
1068 2877 1205 2941 cetemm

43 2977 180 3043 exerens
197 2978 314 3042 callide
323 2997 377 3059 per
391 3014 421 3044 *a
432 2996 502 3042 snos
514 2978 715 3060 disposuerat,
732 2998 753 3042 u
784 2979 852 3060 quis
863 2979 972 3061 proelii
987 2978 1098 3043 fuisset
1113 2998 1205 3043 euen-

68 3083 115 3145 tus
141 3081 271 3163 primus
298 3082 507 3162 cognosceret,
542 3080 592 3145 nel
618 3082 755 3163 gratiam
785 3082 867 3164 regis
893 3083 1035 3163 captans,
1071 3082 1097 3145 si
1122 3082 1206 3163 prior

69 3182 185 3247 bonnm
207 3181 355 3246 nuntium
377 3182 553 3260 detulisset,
583 3183 633 3247 uel
662 3184 747 3247 uitae
774 3182 949 3260 consulem,
973 3185 1205 3266 antecapturus

70 3285 212 3369 iuglandi
239 3284 392 3367 spatium,
427 3286 454 3349 si
469 3286 544 3367 qnid
558 3288 665 3351 contra
679 3286 851 3351 accidisset.
875 3286 981 3367 itaque
996 3286 1118 3367 paucis,
1153 3286 1233 3369 quio

177 3473 216 3530 15
236 3472 337 3524 Hilarii
350 3473 444 3541 fragm.
458 3472 487 3525 Π
499 3473 541 3540 (ex
553 3472 630 3541 epist.
645 3472 744 3526 Sardic.
759 3472 870 3541 synodi).

118 3647 138 3701 2
158 3659 331 3697 concessuros
347 3644 484 3711 Veratius,
504 3650 535 3697 ot
547 3650 587 3697 est
594 3645 682 3711 paolo
690 3650 754 3711 post
766 3661 792 3697 n.
807 3648 824 3697 5
877 3644 895 3699 3
914 3644 997 3697 arrios
1011 3645 1048 3697 P:
1061 3644 1169 3697 Arrium
1188 3644 1203 3696 b

118 3732 138 3788 5
157 3730 348 3783 concesserunt
360 3730 428 3782 11111.
443 3729 476 3781 de
489 3731 578 3784 Proto
642 3730 660 3786 6
678 3730 780 3798 portior
799 3731 826 3783 P
891 3730 908 3786 9
927 3730 959 3783 de
971 3732 1001 3783 Α.
1016 3746 1067 3783 non
1079 3729 1204 3798 praebere

75 3815 220 3870 (1111111111
270 3815 306 3869 11
327 3813 498 3881 quodlibeto
547 3815 584 3870 12
602 3814 758 3868 decuerant
772 3815 799 3869 P
847 3816 883 3873 15
896 3815 1072 3885 inperfidiam
1081 3814 1205 3868 Veratius

121 3900 160 3957 16
179 3899 284 3953 mursia
302 3900 342 3966 P,
361 3916 407 3952 cm.
422 3899 456 3952 de
467 3901 557 3953 Proto
580 3902 591 3968 11
614 3900 648 3953 ab
661 3901 787 3953 Heraclia
804 3902 835 3966 b
879 3901 915 3957 18
934 3900 1101 3955 menofantus
1114 3900 1154 3966 P,
1173 3906 1205 3952 ot

71 3988 137 4040 coni.
152 3986 189 4039 dc
201 3986 304 4039 Proto:
335 3985 513 4053 Menophanes
531 3987 547 4039 b
571 3988 582 4053 ΙΙ
605 3985 736 4039 Laodicea
754 3988 769 4039 h
794 3988 805 4055 11
828 3986 989 4055 Neronopoli
1002 3986 1133 4054 Sigonius
1146 3984 1209 4052 (sed

8 4091 9 4108 ³
70 4073 113 4125 ure
135 4071 321 4139 Neronipoli):
352 4071 465 4139 Neapoli
490 4072 544 4134 Pb,
574 4072 693 4139 Joropoli
716 4072 773 4125 cod.
799 4072 908 4125 Hilarii
977 4072 1016 4126 20
1033 4070 1155 4123 obnixius
1179 4071 1206 4123 P

121 4158 159 4213 21
180 4173 301 4209 mursam
314 4157 353 4208 P:
371 4157 521 4209 Morsamb
574 4158 611 4212 22
631 4158 797 4211 constantius
819 4158 877 4226 (scd
890 4160 902 4172 ”
920 4158 1000 4224 cros.)
1019 4156 1057 4209 P:
1077 4154 1206 4209 Constan-

71 4243 144 4295 tinus
164 4244 180 4296 b
237 4242 275 4297 22
295 4244 436 4309 conspectu
454 4244 481 4296 P
533 4244 571 4300 25
589 4260 636 4310 per
657 4259 734 4311 agros
752 4244 808 4312 (1111
820 4244 951 4312 campum)
973 4258 1032 4294 snos
1054 4241 1087 4294 dc
1108 4242 1204 4305 Proto,

73 4330 130 4395 ipse
142 4329 239 4382 11111111
250 4343 298 4395 per
310 4327 383 4379 uiam
395 4344 455 4381 suos
