3050 4984
537 397 609 467 Cap.
629 399 751 455 21—22.
1167 399 1227 462 111

104 552 222 630 matus,
246 551 413 633 confixique
428 552 527 634 operis
547 554 775 619 immortalibus
790 553 946 619 radicibus
967 554 1169 618 fundamenta
1182 553 1231 616 te-

105 657 252 720 reantur.¹
275 655 332 719 hoc
357 656 509 721 secretum
534 657 622 721 nobis
648 657 853 722 uenerandum
880 657 1046 740 prophetae
1073 657 1232 721 oraculum

103 758 250 822 tradidit:
284 757 459 822 inuenimus
491 760 574 824 enim
599 759 633 823 in
658 740 806 825 Abbaeuo
836 761 882 825 ita
913 778 978 825 esso
1009 762 1230 844 perscriptum:

103 854 216 925 ‘texit
238 861 365 925 caelos
387 862 515 927 uirtus
538 862 619 927 eius
642 864 679 927 et
699 864 814 929 laude
830 864 915 929 11111
929 864 1042 947 plana
1056 865 1114 928 ost
1129 865 1232 928 terra

82 966 140 1028 eet
162 964 343 1046 splendor
365 964 447 1029 eius
469 966 511 1029 ut
531 965 595 1030 lux
617 966 707 1031 erit:
731 986 874 1032 cornua
896 967 934 1031 in
956 967 1133 1031 manibus
1149 967 1231 1031 eius

103 1069 220 1133 erunt
243 1069 279 1132 et
301 1068 391 1132 illic
419 1068 680 1134 constabilita
713 1072 771 1135 est
802 1070 933 1135 uirtus
966 1070 1114 1154 gloriae
1147 1070 1232 1134 eius

103 1171 140 1235 et
162 1170 376 1235 constituit
399 1172 651 1237 dilectionem
666 1192 786 1238 suam:
810 1172 1061 1238 ibituerbum
1076 1173 1231 1255 etprae-

104 1276 217 1339 oedct
239 1274 445 1339 secundum
466 1293 624 1358 gressus
646 1266 756 1340 suos'
780 1296 817 1340 en
842 1276 1013 1340 ueneranda
1042 1276 1139 1340 crucis
1165 1278 1260 1340 cor-5

103 1398 182 1456 nua,
208 1397 245 1442 en
260 1379 383 1443 sauctae
397 1378 525 1444 uirtutis
546 1380 709 1445 inmortale
729 1380 907 1464 fastigium,
930 1399 968 1445 on
988 1379 1113 1463 gloriosi
1133 1380 1232 1462 operis

71 1497 94 1535 10
104 1481 212 1546 diuina
227 1499 370 1565 conpago.
394 1484 446 1561 tu,
471 1480 604 1562 Christe,
627 1485 779 1549 mundum
799 1502 834 1548 ao
855 1485 971 1549 terram
986 1484 1118 1547 extensis
1132 1484 1231 1547 mani-

102 1586 180 1663 bus,
203 1584 240 1647 tn
255 1584 384 1649 caeleste
400 1586 554 1651 sustentas
569 1587 749 1669 imperium,
773 1588 836 1651 tuis
851 1586 1066 1651 inmortalibus
1087 1587 1231 1651 adhaeret

102 1689 242 1753 humeris
257 1682 341 1753 salus
354 1690 475 1768 nostra,
491 1691 544 1768 tu,
560 1690 697 1770 domino,
713 1692 852 1757 aetarnae
866 1691 949 1755 uitae
962 1690 1081 1754 baiulas
1096 1691 1230 1773 signum,

102 1792 139 1856 tu
166 1792 340 1857 uenerando
366 1793 515 1858 instinctu
539 1794 597 1859 hoo
622 1794 710 1859 nobis
737 1794 898 1859 denuntias
918 1812 972 1876 per
985 1793 1163 1876 prophetas:
1187 1792 1233 1857 ait

104 1896 190 1961 enim
215 1895 338 1960 Esaias:
376 1888 472 1961 ‘ecoe
493 1898 609 1961 natus
632 1899 695 1961 est
721 1898 831 1963 nobis
859 1896 995 1974 filius,
1028 1886 1232 1978 imperium

72 2016 221 2081 usuper
242 1998 423 2064 humeros
447 1999 528 2065 eius
551 2003 588 2065 at
609 2001 786 2066 uocatum
810 2002 867 2065 est
886 2001 1116 2065 nomenoius
1131 2019 1232 2083 mag-

103 2120 176 2167 nae
199 2100 455 2183 cogitationis
476 2092 662 2168 nuntius?
683 2105 759 2168 haec
774 2104 846 2168 sunt
861 2103 960 2168 crucis
975 2121 1104 2181 11111111,
1121 2103 1261 2184 quibuse

104 2202 211 2269 omnia
233 2204 265 2267 et
290 2204 492 2270 subleuantur
517 2207 633 2288 pariter
655 2207 686 2271 et
701 2207 909 2284 eontinentur,
932 2206 981 2269 his
1002 2204 1143 2269 cornibus
1157 2204 1233 2269 bene

102 2307 267 2371 hominum
282 2308 383 2372 utitur
397 2309 473 2373 uita.
498 2310 534 2374 ut
554 2309 704 2375 Amalech
724 2312 914 2388 uinceretur,
937 2310 1069 2375 extensis
1091 2308 1233 2374 manibus

102 2410 227 2494 Moyses
251 2411 326 2476 haec
351 2413 493 2477 imitatus
520 2414 567 2477 est
592 2414 777 2493 cornuam
802 2414 925 2480 facilius
950 2414 1129 2495 impetraret
1153 2412 1233 2494 quod

72 2532 290 2598 amagncpere
305 2515 497 2596 postulabat,
514 2536 635 2581 crucem
651 2517 711 2581 sibi
725 2516 800 2581 fecit
815 2536 851 2581 ex
866 2518 964 2601 uirga.
989 2516 1112 2580 adhaec
1124 2533 1236 2579 cornua

105 2617 221 2683 festina
247 2618 404 2683 celeritate
430 2620 605 2703 properate,
630 2619 764 2684 adhaec
787 2638 898 2684 cornua
912 2619 1025 2684 humili
1040 2618 1235 2683 ueneratione

106 2720 280 2804 confugite,
302 2721 351 2786 his
366 2740 422 2786 uos
438 2722 575 2807 adfigent
590 2723 731 2787 cornibus
746 2722 882 2802 iustitia,
905 2723 1058 2805 aequitas,
1074 2720 1234 2803 pudicitia,

105 2823 331 2903 misericordia,
347 2825 512 2906 patientia,
529 2826 619 2904 fides,
634 2826 671 2890 ut
685 2827 857 2891 ueneranda
871 2827 1075 2908 praeferentes
1090 2825 1234 2908 insignia,

0 2931 1 2934 ’
105 2928 300 2993 consecratae
315 2928 425 2993 frontis
441 2929 603 2994 maiestate
618 2930 786 3013 gaudentes
801 2931 833 2995 ot
848 2930 1024 3011 sepulturae
1035 2927 1149 2993 Christi
1164 2946 1235 3010 par-

71 3046 94 3087 11
104 3030 217 3113 ticipes
234 3032 303 3095 sitis
320 3032 351 3095 et
365 3032 458 3096 uitae.

148 3133 249 3198 Aliud
275 3135 370 3198 etiam
396 3135 570 3217 symbolum
594 3134 792 3216 proferimus,
816 3137 852 3199 ut
874 3136 1097 3200 contaminatae
1118 3134 1235 3219 cogita·
1244 3141 1348 3186 1³0¹·22b·

103 3236 200 3301 tionis
216 3237 331 3301 scelera
344 3239 532 3318 reuelentur,
557 3240 643 3304 cuius
665 3239 749 3304 totus
765 3240 838 3302 ordo
864 3240 1010 3304 dicendus
1026 3239 1088 3316 est,
1110 3239 1147 3301 ut
1161 3238 1236 3317 aput
1246 3231 1287 3292 22

105 3356 213 3403 omnes
244 3340 362 3403 constet
388 3340 511 3406 diuinae
537 3340 746 3422 dispositionis
766 3341 866 3425 legem
882 3361 1026 3424 peruersa
1041 3340 1156 3406 diaboli
1171 3358 1237 3403 essa

106 3441 284 3517 imitatione
299 3446 484 3525 corruptam.
508 3445 595 3509 nocte
610 3446 744 3526 quadam
766 3445 966 3510 simulacrum
981 3445 1014 3512 iu
1027 3444 1137 3510 lectica
1151 3442 1237 3525 supi-

73 3565 185 3611 sonum
200 3546 327 3628 ponitur
351 3547 382 3609 et
401 3565 456 3628 per
470 3565 612 3612 numeros
634 3546 765 3631 digestis
784 3547 911 3613 fletibus
933 3547 1106 3631 plangitur:
1129 3545 1238 3610 deinde

107 3667 181 3713 cum
197 3667 229 3713 se
244 3648 317 3713 fieta
331 3648 551 3714 lamentatione
566 3650 764 3729 satiauerint‚
787 3650 892 3715 lumen
906 3650 1051 3715 infertur:
1067 3650 1141 3713 tunc
1156 3668 1174 3712 a
1188 3667 1239 3713 sa·

212 3851 232 3907 4
250 3851 319 3905 Hab.
333 3852 360 3917 3,
374 3852 454 3911 3-5.
511 3852 549 3907 14
566 3851 620 3905 Jes.
635 3850 661 3916 9,
675 3852 700 3911 5.

109 4026 240 4079 Bursian
261 4024 303 4095 (ut
323 4024 362 4079 111
380 4026 454 4078 totus
476 4024 574 4078 orbis..
592 4024 808 4077 immortalitatis
820 4024 919 4078 radicis
931 4024 1103 4077 fundamento
1115 4024 1240 4076 teneatur

114 4111 308 4253 oehgessbacuc
330 4212 348 4250 a
419 4196 436 4251 7
455 4196 601 4249 constituet
621 4197 673 4261 Po,
696 4197 883 4250 1111111111
954 4196 991 4251 14
1009 4196 1085 4249 uobis
1099 4197 1158 4250 filiu
1180 4198 1207 4251 P

0 4321 4 4342 1
114 4282 151 4339 18
170 4283 270 4336 nititur
283 4299 301 4335 c
381 4282 420 4337 24
439 4284 604 4335 consecratae
622 4282 705 4335 fontis
722 4283 761 4350 P,
789 4299 836 4335 em.
858 4282 985 4335 Bursian
1006 4283 1164 4350 (consecrati
1184 4283 1241 4337 fon-

112 4368 151 4421 tis
163 4370 192 4439 a)
246 4367 284 4425 26
303 4370 500 4421 contaminatae
512 4385 574 4422 cos:
593 4368 759 4422 contaminas
773 4370 811 4433 P,
831 4369 966 4421 conamine
979 4386 997 4421 a
1048 4368 1084 4425 29
1102 4370 1172 4423 Note
1185 4372 1213 4425 P
