3050 4984
1208 404 1259 452 XV

167 552 265 627 Non
289 556 407 627 minus
431 553 605 629 obscurus
633 556 750 629 fuerat
772 555 872 628 locus
895 580 925 629 c.
948 560 1002 643 16,
1030 560 1069 629 1:
1104 583 1168 631 aec
1186 557 1257 631 dis-

103 674 303 749 semedabo
329 675 513 773 praecipio
546 677 598 749 ita
632 673 777 751 Natalis
806 676 877 750 mei
896 690 1085 767 errantem,
1113 705 1256 776 capam,

104 794 302 869 lubricam
323 807 461 869 autasse
484 796 706 886 seutentiam,
734 810 773 870 ut
797 797 842 871 sit
870 795 970 870 uobis
1000 796 1256 895 ambipendum

103 927 248 989 utrum
271 927 343 988 tuo
369 915 563 989 eruditio
600 914 740 991 turbata
774 918 819 991 sit
854 943 903 990 aa
936 919 1156 992 uacillauerit
1188 944 1259 1017 per

104 1060 294 1109 errorem.
320 1046 358 1108 ut
379 1062 444 1135 per
467 1050 560 1124 erat,
589 1036 795 1135 complures
814 1037 929 1110 critici
951 1039 988 1109 in
1012 1038 1073 1111 illo
1096 1052 1156 1113 tua
1179 1065 1257 1113 eru·
1345 1129 1349 1136 x

106 1156 217 1230 ditio
241 1155 370 1229 offensi
393 1167 497 1247 sunt3
536 1182 617 1228 nam
651 1182 717 1230 nec
748 1169 810 1229 tua
836 1158 893 1229 hic
918 1156 1039 1231 locum
1062 1158 1169 1232 habet
1192 1185 1258 1233 nec

107 1276 283 1350 eruditio
305 1287 432 1375 aptum
461 1277 605 1350 uidetur
632 1276 841 1351 subiectum
868 1279 1158 1376 praedicatorum
1182 1292 1256 1352 tur-

3 1476 4 1479 ,
106 1396 210 1471 bata
237 1396 283 1469 sit
308 1407 344 1469 et
369 1397 599 1472 aau'llauerit.
627 1398 690 1469 sed
714 1398 812 1495 quod
839 1398 955 1471 maius
985 1409 1060 1489 est,
1091 1410 1131 1471 ut
1153 1412 1257 1472 acute

2 1491 4 1527 i
106 1519 272 1591 monuit
296 1516 573 1606 Vahlenius‚
617 1517 840 1590 contrarium
863 1517 938 1591 eius
966 1520 1066 1616 quod
1094 1520 1259 1616 sequitur
1319 1592 1322 1598 ,

3 1620 4 1635 ³
108 1664 166 1713 aa
192 1637 421 1711 uacillauerit
435 1661 517 1735 per
538 1662 731 1711 errorem
757 1638 992 1712 desideratur.
1021 1639 1086 1711 hac
1111 1665 1150 1712 re
1176 1664 1258 1737 per·

3 1854 4 1863 ¹
109 1768 253 1857 specta
293 1784 367 1831 non
408 1758 528 1831 minus
570 1760 747 1855 sagaciter
783 1759 1007 1857 excogitauit
1046 1760 1165 1832 locum
1205 1762 1256 1833 sic

109 1878 397 1953 emendandum
421 1904 515 1951 esse:
557 1891 675 1951 utrum
700 1880 903 1953 uersutia
929 1879 1070 1954 turbata
1095 1882 1140 1955 sit
1166 1879 1257 1978 (scil.

3 2000 4 2073 3
109 2000 202 2073 eius
229 1998 422 2096 sententia)
446 2025 495 2071 aa
509 1999 732 2073 uacillauerit
746 2024 817 2097 per
834 2025 998 2073 errorem.
1021 2000 1092 2073 iam
1110 2012 1258 2099 apparet

3 2098 4 2137 ³
109 2144 187 2193 cur
220 2117 352 2190 deinde
379 2120 403 2213 ξ
429 2120 449 2189 2
479 2115 657 2192 Octauius
685 2118 774 2191 illud
800 2120 955 2193 inferat:
981 2122 1106 2194 sedin
1130 2118 1262 2193 Natali

3 2292 4 2319 t
107 2264 201 2313 meo
231 2238 423 2312 uersutiam
448 2240 553 2327 uolo,
594 2264 666 2312 aaa
699 2241 828 2313 credo:
860 2242 992 2337 proult
1027 2253 1075 2313 est
1107 2238 1151 2313 ab
1185 2240 1259 2313 aus

108 2358 350 2458 simplicitate
376 2356 508 2432 subtiles
534 2357 727 2433 urbanitas.
755 2385 864 2456 quam
890 2361 1109 2457 scripturam
1134 2362 1170 2431 in
1199 2360 1257 2431 his

114 2478 253 2554 uerbis
268 2481 382 2552 codex
395 2477 503 2553 habet
513 2471 568 2553 ‘ab
583 2480 655 2553 uus
668 2477 852 2553 subtilitate
869 2479 1127 2577 simplicitates.
1142 2473 1199 2569 u',
1218 2480 1256 2551 in

112 2626 163 2675 ea
195 2599 390 2673 lectionem
417 2612 453 2673 et
481 2626 601 2673 ueram
629 2612 665 2672 et
701 2611 911 2698 corruptam
950 2626 1020 2673 uno
1054 2600 1133 2672 loco
1170 2624 1257 2672 con-

3 2732 4 2745 *
112 2727 292 2794 iunctam
319 2745 397 2793 esse
424 2720 494 2792 iam
522 2731 628 2793 uetus
656 2719 715 2793 ille
745 2718 968 2794 Gelenius
994 2732 1092 2793 recte
1123 2720 1257 2792 docue-

3 2852 4 2867 ’
114 2852 202 2930 rat3
245 2852 363 2919 tamen
392 2865 509 2939 nuper
548 2840 582 2912 l.
611 2838 798 2939 Kayserus
827 2866 873 2913 ex
901 2842 1109 2914 coniectura
1135 2840 1257 2913 nescio

116 2962 233 3035 cuius
273 2962 426 3058 pessime
468 2960 582 3033 edidit
616 2964 754 3059 ‘procul
794 2974 842 3036 est
882 2959 925 3035 ab
964 2963 1037 3036 cites
1075 2960 1261 3035 subtilitate

115 3079 286 3179 siraplici
310 3093 382 3154 tam
409 3079 541 3155 subtiles
571 3076 783 3155 urbam'tas':
823 3093 896 3153 tem
925 3080 1073 3156 difficile
1096 3083 1258 3155 -uidetur

115 3202 185 3276 uel
216 3200 414 3274 certissima
442 3200 654 3298 quibusdam
683 3202 912 3300 persuadere.
941 3200 982 3274 In
1011 3203 1173 3275 eiusdem
1199 3228 1258 3275 ca·

118 3320 216 3421 pitis
243 3324 263 3415 §
288 3325 308 3395 3
338 3322 389 3419 (p.
414 3324 473 3411 20,
500 3324 554 3417 8),
596 3321 661 3394 ubi
687 3321 723 3394 in
752 3322 809 3393 his
844 3320 893 3394 ‘ut
918 3322 980 3419 qui
1002 3336 1135 3396 rectam
1160 3323 1288 3396 uiam-

117 3442 255 3531 aesca,
282 3439 357 3537 ubi,
380 3454 418 3514 ut
436 3439 500 3537 fit,
524 3441 562 3514 ia
582 3444 704 3539 plures
729 3468 804 3515 urta
822 3440 1038 3538 displodetur,
1058 3444 1142 3540 quia
1159 3444 1259 3516 aiom

119 3561 255 3645 uescit,
279 3557 397 3633 haeret
420 3562 547 3634 artatus
569 3586 633 3635 aec
654 3562 811 3658 stapulas
834 3564 938 3635 audet
959 3562 1081 3659 elipere
1096 3588 1160 3635 aec
1178 3564 1258 3635 uui·

124 3695 253 3755 uersas
264 3680 422 3779 probare
433 3676 520 3754 'eliis
539 3682 796 3781 praeeuntibus
816 3682 926 3756 uerba
944 3684 1027 3781 quia
1041 3684 1139 3756 uiam
1153 3684 1262 3756 nescit

124 3800 234 3876 obelo
252 3805 470 3888 neminimus,
488 3802 563 3875 fere
577 3802 778 3901 paenitetV
790 3802 952 3875 ahlenii
969 3804 1258 3876 emendationem

121 3926 245 4021 ‘priam
282 3921 381 3995 uiam
406 3923 502 3996 tacut
527 3921 646 3997 boaret
671 3915 803 3996 auctus’
841 3950 914 3996 non
941 3922 1133 4021 recepisse3
1173 3949 1258 3995 nam
1370 3991 1371 3996 ,

124 4041 364 4141 perspicuum
392 4053 447 4116 est
473 4042 575 4116 facile
601 4043 678 4115 fieri
711 4042 876 4141 potuisse
915 4054 957 4115 ut
995 4041 1163 4115 librarius
1195 4042 1258 4115 ali-

125 4162 229 4261 quio,
259 4186 341 4234 oum
370 4162 484 4236 simile
510 4175 731 4251 recurreret,
761 4163 805 4234 ad
833 4162 927 4235 idem
955 4160 1127 4252 uerbum,
1157 4164 1257 4259 quod

126 4281 239 4355 modo
269 4282 482 4379 scripserat,
510 4283 700 4357 aberraret.
736 4282 864 4357 similis
891 4294 945 4355 est
971 4307 1079 4375 causa
1102 4282 1258 4356 duorum
