3050 4984
317 322 360 388 74
736 318 886 389 Sulpicii
903 317 1019 374 Seueri

314 477 441 543 turbare
455 479 625 561 coeperunt
637 476 816 547 maanus
828 494 984 545 summum
995 474 1197 543 sacerdotium
1207 472 1345 551 libidine,
1360 490 1440 539 eua-

314 579 389 645 ritia
403 581 435 645 et
449 579 625 647 dammandi
639 578 790 661 cupidine.

267 685 305 749 lt
356 683 498 765 Namque
518 683 654 764 primum
685 682 744 749 sub
774 701 845 766 ruge
877 680 1016 760 Seleuco,
1049 681 1194 751 Antiochi
1223 680 1330 763 magni
1359 678 1441 757 filio,

314 784 634 863 Oniamsaoerdotem,
646 785 903 853 uirumeanctum
914 786 1005 868 atque
1016 784 1181 869 integrum,
1193 783 1298 851 Simon
1308 782 1444 864 quidam

313 887 401 953 falsie
423 889 505 971 apud
526 906 630 972 regem
650 887 830 955 criminibus
852 887 1067 957 insimulatum
1087 889 1225 955 excutere
1244 885 1438 969 nequiuerat.
1473 900 1489 939 ⁶

285 990 473 1059 cintoriecto
494 991 603 1057 deinde
623 992 759 1073 tempore
775 991 865 1057 Iason
886 990 981 1057 irater
1001 990 1096 1059 Ouiae
1111 990 1300 1057 Antiochum
1321 1006 1441 1072 regem,

313 1093 368 1175 qni
381 1093 504 1160 Seleuco
526 1090 617 1159 fratri
637 1095 836 1171 mcoesserat,
860 1094 953 1172 adiit,
969 1096 1169 1177 augmentum
1184 1092 1329 1175 stipendii
1343 1089 1441 1173 polli-

284 1203 391 1274 sesne,
407 1196 435 1259 ei
449 1196 510 1261 sibi
524 1214 681 1262 summum
691 1195 896 1263 sacerdotium
911 1196 1090 1263 traderetur.
1107 1196 1138 1261 et
1152 1214 1338 1278 quamquam
1351 1193 1441 1261 inso-

312 1297 407 1363 litum
427 1317 523 1380 neque
545 1301 616 1364 ante
637 1299 821 1380 permissum
843 1300 910 1365 erat
931 1301 1075 1381 perpetuo
1096 1297 1262 1365 sacerdotio
1282 1294 1442 1379 perfungi,

312 1400 463 1466 sollicitus
478 1403 583 1468 tamen
596 1402 677 1485 regis
691 1402 822 1480 animus,
838 1419 928 1485 aeger
942 1401 1084 1479 auaritia,
1099 1400 1188 1467 facile
1202 1401 1362 1482 superatus
1376 1399 1438 1465 est.
1452 1413 1484 1455 ιο

283 1503 359 1569 tite
371 1504 497 1585 depulso
509 1502 588 1571 Onia
599 1504 699 1569 Iasoni
712 1504 916 1573 sacerdotium
927 1505 1116 1573 mandatum.
1132 1504 1160 1567 is
1170 1503 1257 1569 foede
1268 1501 1443 1569 admodum

311 1606 394 1670 ciues
415 1606 608 1689 patriamque
629 1606 788 1671 lacerauit.
817 1606 888 1672 dein
909 1627 980 1673 cum
1000 1626 1054 1689 per
1074 1606 1248 1673 Menelaum
1273 1604 1442 1686 quendam,

312 1707 445 1774 Simonis
466 1708 552 1775 illius
567 1708 704 1786 fratrem,
727 1709 910 1790 promissam
925 1710 990 1793 regi
1005 1710 1165 1791 pecuniam
1178 1708 1325 1785 misisset,
1346 1707 1440 1789 pate·

312 1810 396 1877 faeta
417 1811 512 1875 semel
532 1811 697 1877 ambitioni
718 1811 786 1889 uie,
812 1811 910 1879 isdem
932 1812 1066 1891 artibus,
1095 1812 1206 1894 quibus
1227 1812 1318 1877 Iason
1338 1809 1440 1892 prins,

283 1914 466 1977 bblenelaus
481 1914 686 1979 sacerdotium
696 1913 879 1981 obtinuerat.
893 1933 947 1979 noc
961 1915 1060 1981 multo
1074 1916 1153 1996 post,
1165 1933 1236 1979 cum
1249 1913 1441 1996 promissum
1451 1927 1480 1969 1⁵

311 2016 432 2100 argenti
446 2016 572 2083 modum
586 2034 646 2082 non
660 2016 851 2093 reddidisset,
867 2016 932 2081 loco
946 2016 1086 2097 pellitur:
1102 2016 1303 2100 Lysimachus
1318 2013 1439 2081 substi-

311 2119 421 2184 tuitur.
445 2118 515 2183 inde
537 2118 617 2185 inter
638 2119 779 2185 Iasonem
793 2121 824 2184 et
838 2119 1012 2185 Menelaum
1033 2118 1121 2185 foeda
1136 2118 1316 2195 certamina,
1340 2118 1439 2183 donec

283 2222 401 2287 claeon
422 2221 569 2305 profugus
590 2221 692 2303 patria
713 2221 850 2287 excessit.
874 2221 923 2287 his
944 2221 1044 2289 initiis
1066 2221 1216 2304 corruptis
1237 2220 1373 2285 moribus
1399 2236 1439 2283 eo

310 2343 407 2407 usque
420 2342 609 2407 procusum,
631 2326 668 2390 ut
681 2324 817 2407 plerique
838 2324 1032 2407 popularium
1047 2324 1086 2390 ab
1101 2322 1253 2389 Antiocho
1267 2323 1440 2405 poscerent,

310 2427 452 2511 permitti
473 2427 533 2492 sibi
554 2445 637 2493 more
659 2426 824 2510 gentilium
846 2427 958 2493 uiuere.
988 2426 1068 2509 quod
1095 2447 1165 2493 cum
1187 2445 1239 2492 rex
1259 2424 1476 2508 petentibusao

311 2530 481 2607 annuisset,
512 2529 655 2595 certatim
679 2529 829 2611 pessume
858 2529 985 2611 quisque
1010 2530 1136 2595 delubra
1162 2531 1313 2606 extruere,
1342 2526 1439 2593 idolis

311 2632 492 2714 supplicare,
513 2632 613 2713 legem
634 2630 795 2711 profanare
815 2634 978 2714 occeperat.
1002 2631 1117 2697 interea
1131 2631 1302 2697 Antiochus
1316 2629 1439 2699 rediens

284 2733 350 2798 tab
372 2732 559 2797 Alexandria
587 2770 628 2779 -
654 2750 787 2814 namque
809 2735 877 2799 tum
897 2733 1013 2799 bellum
1028 2734 1093 2818 regi
1107 2734 1261 2817 Aegyptio
1276 2732 1438 2812 intulerat,

311 2836 393 2917 quod
413 2834 500 2899 iussu
522 2836 646 2899 senatus
667 2836 700 2898 et
720 2835 826 2917 populi
840 2836 970 2903 Romani
991 2836 1145 2918 deposuit,
1169 2836 1265 2901 Paulo
1281 2837 1312 2900 et
1327 2834 1438 2903 Crasso

311 2937 485 3002 consulibus
501 2974 542 2983 --
557 2937 803 3020 Hierosolymam
818 2938 905 3003 adiit.
922 2957 991 3003 eum
1002 2939 1227 3004 discordantem
1242 2937 1473 3020 superstitio-2⁵

310 3040 401 3104 nibus
422 3040 572 3121 susceptis
593 3039 740 3121 populum
762 3041 959 3123 repperisset,
979 3042 1079 3125 legem
1093 3042 1152 3106 Dei
1167 3042 1324 3107 destruens
1339 3041 1370 3105 et
1384 3040 1439 3107 hia

310 3141 432 3222 fauens,
448 3142 501 3224 qui
515 3142 613 3224 impia
628 3141 844 3224 sequebantur,
868 3144 971 3209 omnia
986 3144 1094 3226 templi
1110 3145 1287 3211 ornamenta
1301 3143 1438 3211 detraxit

411 3346 451 3405 25
468 3345 498 3399 11
514 3346 596 3401 Maec.
615 3346 641 3405 5.

412 3516 538 3583 lauarie
550 3519 578 3570 et
589 3515 703 3570 donandi
716 3516 756 3584 P,
776 3532 822 3571 cra.
835 3516 895 3571 iub
946 3516 1119 3573 40nian1e:
1142 3533 1228 3571 omem
1241 3517 1268 3570 P
1328 3516 1436 3575 5excu·

309 3602 366 3655 tere
384 3600 537 3656 Gbela'oue:
555 3601 662 3670 exquire
683 3602 721 3665 P,
745 3602 881 3671 exquirere
902 3603 918 3657 b
941 3602 1106 3672 (extinguere
1127 3603 1269 3673 sipontus,
1298 3602 1436 3656 extrudere

317 3686 449 3751 Glcra'cece,
469 3686 585 3756 excipere
601 3687 702 3756 Vocet)
753 3687 771 3743 9
790 3688 948 3757 permissum
959 3688 1082 3757 cuiquam
1093 3692 1152 3743 erat
1171 3690 1187 3742 b
1210 3691 1223 3757 ll
1245 3690 1436 3757 nonperpetno

310 3772 366 3842 (uel
385 3789 437 3827 non
456 3771 590 3841 perfungi)
611 3772 741 3841 Sipcniw
757 3779 784 3827 et
799 3774 935 3841 stamus,
953 3774 1096 3842 culpatam
1106 3775 1146 3828 eic
1158 3774 1277 3842 explicat
1287 3774 1322 3828 de
1333 3774 1435 3829 Proto:

202 3893 205 3898 ·
308 3858 506 3921 ‘saoerdotium
520 3858 589 3926 quod
600 3860 756 3927 perpetuum
768 3860 839 3921 erat,
853 3858 986 3927 usurpare'
1040 3859 1207 3916 10s011irius
1220 3860 1258 3925 P,
1272 3860 1434 3914 sollicitatus

307 3946 425 3999 maudut
445 3944 479 3998 de
500 3944 601 4012 Proto,
619 3943 668 3997 eod
679 3943 770 3997 eodone
781 3959 864 3997 emmo
876 3944 1007 3999 sollicitus
1019 3944 1122 4000 dictura
1134 3961 1189 4000 ease
1200 3952 1331 4013 opponet,
1348 3946 1383 4012 cf.
1396 3943 1435 3999 ad

308 4032 349 4095 IL
362 4033 435 4099 51,5
488 4028 964 4098 11uepu1saPpeccmanueoumb
1019 4030 1056 4087 13
1069 4030 1185 4100 symonis
1198 4032 1225 4085 P
1239 4032 1251 4100 ΙΙ
1267 4030 1434 4100 promissaP

361 4116 550 4175 lemenebus
571 4116 611 4169 P:
637 4114 774 4170 Menelaus
791 4129 893 4183 quoque
914 4115 930 4169 b
953 4116 965 4183 ΙΙ
988 4115 1105 4171 obtinuit
1123 4116 1253 4185 Quales
1275 4117 1287 4185 ΙΙ
1310 4132 1392 4184 quum
1408 4115 1432 4169 ir

307 4201 501 4269 promissumb
564 4200 600 4257 17
618 4198 694 4254 foeda
714 4200 753 4255 P:
778 4199 855 4253 foeda
875 4199 984 4255 iuerat
1060 4200 1096 4258 18
1114 4201 1188 4266 init',
1214 4203 1232 4255 c'.
1254 4201 1382 4269 nfinitus
1401 4200 1429 4255 P

359 4286 397 4358 22
415 4286 572 4341 nantiochue
585 4286 613 4341 P
662 4286 700 4344 27
718 4284 841 4339 fxuuaenu
853 4286 881 4339 P
901 4288 913 4355 ll
935 4288 1035 4357 templo
1053 4287 1176 4341 Veratius
