3050 4984
463 341 576 397 Chrom
594 341 631 404 Il,
650 339 770 400 49-50·
1147 342 1208 407 103

99 496 295 575 habebantur,
316 498 388 565 aliis
413 497 563 581 episcopis
586 498 777 565 audientiam
802 515 972 575 reseruare,
999 515 1060 561 non
1084 514 1209 561 eaumm

97 601 264 683 inperatori
280 601 317 668 de
330 603 398 669 tam
412 599 585 667 manifestis
599 598 780 666 criminibus
795 600 983 683 permittere.

131 704 177 767 lta
201 722 325 781 omnes,
349 722 424 786 quos
449 721 541 770 causa
565 703 753 780 incoluerat,
776 703 816 768 ed
836 722 940 787 regem
956 704 1088 769 deducti.
1112 703 1210 769 secuti
1220 702 1261 766 50
1343 750 1346 761 .

41 813 42 830 ¹
96 807 178 872 etiam
191 808 386 875 accusatores
401 805 535 873 Ydacius
550 808 582 871 et
595 806 734 871 nsanos
748 805 898 889 episcopi,
920 825 1050 887 quorum
1071 806 1210 871 studium

40 869 41 948 l
81 928 173 991 isuper
193 909 406 993 expugnandis
429 909 594 975 haereticis
618 928 679 975 non
701 908 967 991 reprehenderem,
991 909 1017 973 si
1032 927 1092 973 nen
1107 908 1209 973 studio

96 1012 222 1077 mendi
236 1012 310 1095 plus
324 1031 419 1094 quom
432 1013 570 1095 oportuit
583 1013 760 1078 certassent.
786 1030 821 1077 ac
835 1030 905 1077 mea
919 1012 1043 1094 quidem
1059 1013 1239 1077 sententian

39 1161 41 1246 4
96 1117 146 1191 est,
167 1115 247 1179 mihi
268 1117 337 1180 tam
356 1134 424 1180 reos
445 1134 539 1197 quam
553 1117 745 1181 accusatores
757 1114 936 1197 displicere,
959 1117 1040 1179 certe
1055 1114 1210 1179 Ithacium

95 1218 160 1281 nihil
183 1219 289 1301 pensi,
311 1218 391 1284 nihil
417 1219 518 1284 sancti
542 1219 686 1284 habuisse
712 1216 838 1283 definio:
860 1216 922 1281 fuit
937 1218 1019 1282 enim
1032 1217 1147 1295 audax,
1163 1216 1210 1281 lc·

95 1340 173 1402 quar,
196 1321 378 1404 impudens,
393 1323 609 1404 sumptuosus,
631 1321 733 1386 uentri
754 1323 787 1384 et
806 1320 897 1403 gulae
911 1319 1080 1402 plmimum
1094 1320 1210 1402 imper·

73 1424 169 1491 aliens.
191 1424 244 1489 hic
258 1424 415 1489 stultitiae
429 1442 465 1490 co
478 1443 575 1506 usqne
589 1424 794 1507 processerat,
809 1425 846 1488 ut
860 1442 964 1489 omnes
979 1424 1074 1488 etiam
1089 1424 1237 1498 sanctosa

40 1595 41 1602 ,
94 1527 179 1604 uiros,
201 1528 317 1609 quibus
344 1529 399 1593 aut
423 1527 563 1593 studium
588 1528 689 1593 inerat
713 1526 853 1591 lectionis
868 1529 923 1592 aut
937 1527 1128 1610 propositum
1143 1525 1210 1589 erat

96 1632 196 1694 certare
210 1631 353 1707 ieiuniis,
375 1632 535 1711 tamquam
555 1629 745 1694 Priscilliani
777 1629 873 1695 socios
904 1630 959 1693 aut
987 1628 1156 1711 discipulos
1176 1628 1209 1690 in

40 1763 41 1810 q
97 1732 197 1797 crimen
217 1735 395 1799 arcesseret.
420 1751 513 1798 ausus
535 1732 631 1797 ctiam
653 1732 810 1799 miserest
825 1751 861 1797 ea
875 1732 1060 1817 tempestate
1074 1729 1239 1798 Martin04

96 1835 234 1918 episcopo,
257 1836 329 1900 uiro
342 1835 432 1919 plane
447 1835 606 1918 Apostolis
621 1834 816 1913 conferendo,
839 1835 943 1918 palam
964 1834 1117 1899 obiectare
1136 1832 1210 1897 hae-

40 1963 41 2022 c
75 1937 158 2005 cresis
170 1937 344 2004 infamiam.
367 1957 500 2020 namque
513 1940 583 2003 tum
597 1938 751 2002 Martinus
767 1938 848 2020 apud
861 1938 1008 2002 Treueros
1024 1936 1239 2001 constitutnso

97 2058 144 2103 non
155 2042 315 2107 desinebat
329 2042 484 2123 increpare
498 2040 669 2119 Ithacum,
694 2043 731 2104 ut
756 2040 794 2105 ab
821 2041 1013 2106 accusatione
1039 2040 1211 2111 desisteret,

40 2161 41 2166 ¹
99 2141 254 2209 Maximum
269 2163 374 2221 orare,
396 2146 433 2209 ut
447 2144 596 2227 sanguine
610 2143 783 2209 infelicium
799 2144 983 2209 abstineret:
1006 2143 1082 2208 satis
1104 2161 1211 2225 super·

99 2263 145 2325 que
162 2248 319 2323 sufficere,
343 2247 379 2312 ut
401 2247 565 2330 episcopali
587 2247 740 2312 sententia
761 2245 908 2311 haeretiei
930 2245 1060 2311 iudicati
1075 2245 1210 2310 ecclesiis

39 2357 40 2362 ’
101 2348 285 2429 palerentur:
309 2368 437 2415 saeuum
463 2368 528 2415 esse
554 2351 585 2413 et
610 2343 786 2414 inauditum
800 2347 901 2425 nefas,
924 2350 961 2411 ut
975 2366 1100 2412 causam
1115 2346 1210 2410 eccle-

79 2450 150 2515 asiae
168 2452 258 2517 index
282 2452 398 2518 saeculi
412 2452 572 2518 iudicaret.
597 2452 726 2534 denique
740 2450 841 2533 quoad
855 2469 951 2531 usque
965 2449 1118 2515 Martinus
1135 2449 1238 2522 Tre-6

39 2543 40 2566 ³
102 2555 166 2619 nens
178 2554 253 2633 fuit,
272 2555 371 2621 dilata
381 2555 516 2638 cognitio
530 2557 593 2620 ost:
608 2557 640 2619 et
650 2574 721 2620 mor
735 2554 923 2619 discemurus
938 2552 1061 2635 egregia
1076 2552 1210 2617 auctori-

39 2747 40 2750 *
102 2656 153 2720 tate
178 2677 196 2721 a
223 2658 365 2723 Maximo
396 2658 502 2723 elicuit
531 2659 738 2741 sponsionem,
786 2656 865 2723 nihil
894 2657 1054 2721 cruentum
1082 2656 1116 2719 in
1144 2673 1211 2721 reos

103 2761 343 2827 emtituendum.
368 2761 422 2826 sed
449 2763 557 2844 postea
585 2761 754 2844 imperator
783 2778 837 2843 per
863 2759 1013 2843 Magnum
1038 2760 1069 2823 et
1094 2757 1239 2830 Rufumr

102 2861 237 2945 episcopos
259 2864 446 2947 deprauatus
466 2866 500 2929 et
524 2884 543 2928 a
568 2864 743 2929 mitioribus
766 2862 901 2929 consiliis
932 2860 1065 2927 deflexus
1086 2878 1211 2926 causam

81 2964 235 3043 apraafecto
264 2966 382 3031 Euodio
407 2966 563 3049 permisit,
586 2967 653 3031 uiro
675 2966 739 3030 acri
754 2968 787 3030 et
800 2984 914 3031 seuero.
939 2964 966 3029 is
981 2963 1239 3031 Priscillianumo

105 3067 205 3146 gemino
224 3068 341 3135 iudicio
362 3068 505 3135 auditum
525 3070 759 3150 contactumque
780 3067 923 3132 malefidi
949 3085 1004 3131 nee
1024 3066 1211 3131 diffitentem

106 3166 221 3237 omeems
235 3190 269 3237 se
284 3171 440 3237 studuisse
454 3171 616 3249 doctrinis,
632 3174 797 3236 noctmnm
815 3170 910 3235 etiam
925 3169 1065 3252 turpium
1079 3168 1212 3234 femina·

107 3287 161 3335 rum
183 3274 279 3357 egisse
304 3276 471 3339 conuentus
494 3274 672 3356 nudumque
700 3293 786 3339 orare
801 3274 945 3350 solitum,
967 3274 1125 3337 nocentem
1140 3290 1211 3355 pro·

108 3375 243 3441 nmtiauit
262 3377 442 3459 redegitque
462 3378 495 3441 in
509 3377 691 3455 custodiam,
727 3378 821 3441 donec
836 3376 876 3441 ad
890 3375 1060 3458 principem
1074 3375 1210 3440 referret.

87 3478 178 3554 egesta
201 3479 239 3543 ad
263 3479 417 3563 palatium
443 3479 546 3545 delata
571 3480 748 3561 censuitque
774 3480 959 3563 imperator,
982 3477 1212 3543 Priscillianum

110 3579 243 3663 sociosque
257 3582 323 3647 eius
339 3582 440 3665 capite
455 3583 596 3649 damnari
611 3584 759 3664 oportere.

149 3799 165 3854 4
179 3802 282 3870 ydatius
294 3807 322 3859 et
338 3804 454 3858 ithatins
467 3806 495 3859 P
516 3806 528 3872 ΙΙ
551 3804 662 3858 stidium
675 3805 703 3858 P
765 3806 783 3862 5
802 3820 879 3873 super
892 3818 954 3857 aces:
973 3818 1050 3871 super
1062 3802 1091 3855 in
1103 3800 1141 3864 P,
1154 3798 1211 3852 inc

119 3881 128 3947 l
145 3888 198 3957 non]
216 3907 233 3943 n
252 3891 398 3961 (proin)P
453 3890 689 3947 lmihinontam
702 3890 832 3960 Sigonius
884 3888 1054 3945 BoudiaxP
1114 3884 1211 3953 9sup-

113 3966 228 4029 mmrcP
290 3978 329 4034 10
346 3976 474 4031 stiltitiae
495 3979 524 4031 P
575 3976 612 4032 17
630 3976 752 4029 infelium
774 3977 802 4030 P
854 3975 890 4031 19
909 3990 1000 4028 senum
1021 3974 1058 4036 P,
1078 3971 1211 4025 nouumlr

152 4056 184 4114 20
198 4060 324 4117 indicaret
341 4064 369 4117 P
381 4079 451 4117 corr.
464 4079 499 4116 ea·
509 4061 675 4125 uindicaret,
697 4061 771 4130 qaod
788 4062 864 4116 laced
876 4062 931 4115 seeo
948 4076 988 4113 aa
995 4056 1212 4127 praeferendam

114 4138 141 4192 ⁸52
182 4144 216 4202 24
231 4148 346 4203 defluxus
373 4148 401 4203 P
456 4148 617 4207 25euiodio
638 4148 666 4201 P
687 4150 700 4215 ΙΙ
730 4147 754 4201 is
775 4148 816 4201 Pr
843 4146 931 4213 onio
983 4142 1211 4200 archacenses

154 4226 186 4284 30
201 4237 272 4301 gesta
295 4234 374 4304 adp.
395 4234 485 4288 delata
514 4234 652 4302 consuitq.'
669 4234 708 4287 P:
744 4232 830 4302 gestis
851 4232 929 4299 adp.
952 4229 1050 4284 delatis
1071 4228 1211 4283 censuitb

155 4312 184 4370 31
201 4320 325 4388 cepitisb
