3050 4984
268 1258 438 1357 IVLII
477 1256 741 1355 FIRMIOI
783 1254 1085 1353 MATERNI

612 1465 737 1530 LIBER

166 1638 227 1703 DE
262 1634 453 1702 ERRORE
489 1634 831 1701 PROFANARVM
862 1630 1182 1698 RELIGIONVM.

156 1878 200 1910 m
215 1842 294 1924 quod
314 1841 347 1905 in
369 1840 566 1906 fabricatione
581 1840 714 1907 hominis
729 1842 842 1923 artifex
861 1839 969 1921 effecit,
990 1842 1025 1903 ut
1039 1841 1134 1902 onten
1155 1837 1291 1907 dixi-ru.
1303 1866 1336 1909 ιι.

109 1965 193 2023 mus,
209 1944 317 2009 annuis
332 1944 521 2025 perditorum
536 1944 872 2011 commonitionibus„
887 1942 1062 2025 specialiter
1075 1940 1237 2006 retexenda
1258 1943 1273 1995 1

111 2048 195 2113 sunt.
213 2047 251 2111 in
266 2046 512 2129 testificationem
533 2046 679 2111 ueritatis
699 2046 873 2111 manifestis
894 2045 1064 2111 rationibus
1084 2044 1237 2126 exemplo·

110 2168 243 2231 rumque
257 2150 444 2215 testimoniis
459 2150 682 2215 diuinationem
697 2149 897 2230 probabimus
918 2167 974 2231 per
995 2146 1153 2211 diabolum
1170 2163 1236 2211 esse

74 2271 86 2311 s
109 2253 271 2317 inuentam
286 2253 318 2317 et
332 2252 513 2333 perfectam,
537 2253 573 2317 ut
587 2271 641 2333 per
662 2251 719 2317 hoc
734 2252 863 2334 spiritus
877 2249 1032 2315 maculata
1048 2248 1236 2333 cogitatione

110 2373 165 2435 spe
191 2354 290 2419 fluxae
319 2353 487 2432 felicitatis,
518 2373 661 2437 peruersa
690 2354 871 2418 discretione
891 2352 1079 2434 peruerteret
1107 2352 1234 2417 miseros

108 2456 249 2523 homines
263 2458 418 2539 perpetuis
444 2456 672 2522 calamitatibus
693 2457 871 2539 implicitos.

155 2557 306 2638 Quattuor
321 2561 472 2625 elementa
493 2578 558 2626 esse
578 2560 727 2643 principia
742 2559 950 2624 ereaturarum
971 2576 1059 2622 nerno
1079 2557 1263 2625 inuenitura

109 2662 165 2743 qui
180 2662 311 2741 dubitet,
326 2663 359 2726 id
374 2663 421 2728 est
435 2663 554 2747 ignem,
570 2682 692 2745 aquam,
709 2669 811 2727 uirens
825 2666 853 2725 et
867 2663 990 2727 terram.
1015 2661 1069 2726 sed
1079 2656 1157 2726 'haec
1172 2660 1234 2726 ele-

74 2792 99 2833 lo
108 2764 215 2829 menta
226 2765 347 2831 diuersa
361 2770 434 2830 sunt
445 2765 495 2830 uei
507 2766 544 2829 in
554 2767 705 2845 potestate
717 2766 877 2831 contraria.
889 2766 922 2830 in
933 2783 1032 2830 errore
1044 2765 1116 2830 sunt
1129 2765 1234 2846 itaque

161 3003 254 3057 Primi
270 3004 460 3071 quaternionis
476 3018 533 3057 non
549 3008 700 3070 supersunt
722 3004 754 3056 in
779 3002 869 3057 codiee
892 3008 957 3057 teste
980 3003 1163 3057 Wutnrunnsio
1179 3002 1235 3057 nesi

106 3094 241 3157 quattuor
252 3088 323 3154 folia
339 3089 474 3142 interiora
491 3090 561 3155 (siue
578 3089 649 3154 folia
660 3090 787 3157 pristinu
799 3092 817 3142 3
827 3091 896 3156 -6),
911 3090 1035 3157 nuruum
1047 3096 1073 3143 et
1084 3088 1235 3143 secuudum

107 3179 136 3229 et
146 3175 190 3229 bis
201 3189 333 3228 cenenum
344 3174 487 3241 septimun
498 3179 525 3228 et
537 3180 664 3228 octauum
676 3174 879 3229 interciderunt
884 3196 894 3242 ;
906 3176 939 3229 in
945 3176 1040 3243 priore
1045 3176 1155 3244 punine
1162 3175 1234 3242 folii,

106 3259 182 3329 quod
194 3276 271 3314 nune
284 3265 322 3313 est
330 3260 460 3328 primurn,
473 3266 553 3314 uetus
564 3260 706 3328 scriptura
716 3277 803 3314 rnunn
814 3261 964 3314 recentiore
972 3261 1077 3329 partim
1089 3262 1144 3314 atio
1156 3267 1234 3314 atru-

106 3351 199 3399 mento
209 3344 407 3413 superinducto
425 3352 574 3413 renouata,
594 3347 714 3414 punine,
732 3346 780 3399 ubi
800 3346 871 3400 nihii
891 3346 947 3400 ianr
968 3353 1026 3400 tum
1046 3348 1099 3416 leni
1113 3351 1234 3414 poterat,

102 3432 192 3499 piune
212 3446 288 3485 noua
309 3431 436 3499 suppleto
455 3436 537 3498 sunt;
560 3432 610 3485 bus
629 3432 784 3501 scripturus
804 3433 935 3499 titterup
956 3432 1155 3499 iudicauimus,
1181 3447 1235 3499 per

107 3522 195 3571 toturn
207 3522 298 3571 autern
311 3516 409 3571 tubrnrn
421 3516 555 3572 uocabula
568 3518 727 3585 litterasue,
747 3534 817 3587 quoe
828 3519 860 3571 in
872 3518 962 3572 codiee
979 3523 1029 3571 aut
1045 3518 1157 3572 ornnino
1174 3517 1235 3583 fere

107 3607 287 3657 euunuerunt
305 3608 354 3657 uret
373 3603 431 3656 utin
447 3619 534 3657 neuun
552 3609 689 3658 renouata
705 3609 787 3671 sunt,
806 3609 837 3657 ut
854 3604 963 3658 ineerta
979 3604 1079 3657 titteris
1090 3603 1236 3657 inclinetis

107 3687 291 3756 exprimendo
309 3688 474 3742 curaninens.
543 3689 558 3746 1
579 3689 659 3758 quod]
677 3705 744 3757 quae
763 3690 832 3743 coni.
852 3690 978 3743 Bursian
1000 3690 1012 3756 ΙΙ
1036 3688 1132 3742 artifex
1146 3688 1234 3742 effecit

106 3776 140 3826 ut
157 3776 236 3827 antea
250 3790 272 3841 p
290 3772 389 3841 (effecit
406 3774 433 3827 P
449 3788 506 3827 non
522 3774 635 3829 uidetur
651 3776 788 3842 trubuisse)
849 3775 867 3832 2
886 3773 1134 3828 commonitionibus
1154 3775 1235 3839 (eom-

107 3874 226 3913 monem
237 3859 274 3929 Ρ)
292 3875 323 3913 ac
341 3859 654 3913 excommunicationibus
674 3877 696 3928 p
719 3860 858 3914 ueteribus
880 3861 979 3914 litteris
996 3875 1113 3927 prorsus
1131 3860 1235 3923 deletis,

106 3944 155 3998 sert
166 3944 287 4012 spatium
299 3944 409 3999 breuius
420 3945 529 3999 initient
546 3963 564 3998 u
575 3962 660 3999 monn
676 3952 768 3999 uetere
785 3945 864 4000 uliud
881 3947 1014 4013 emptum
1029 3946 1117 4011 fuisse
1168 3945 1187 4001 3
1205 3946 1234 3999 in

107 4029 326 4083 testificationem
338 4030 463 4083 ueritatis
472 4047 506 4099 p,
526 4031 555 4084 In
566 4030 787 4085 testificationum
799 4048 825 4085 u.
837 4048 856 4084 u
912 4031 930 4088 6
948 4031 1016 4097 fluxe
1031 4031 1059 4084 P
1068 4036 1101 4085 ut
1112 4030 1234 4094 nubetur,

106 4114 175 4167 fluxe
192 4131 227 4182 p,
246 4114 316 4167 fluxa
332 4114 427 4170 Oebter
479 4115 498 4172 8
516 4132 592 4171 nemo
604 4133 636 4169 a:
656 4133 703 4172 orn.
719 4118 751 4181 P,
765 4134 818 4171 non
829 4118 956 4171 Bursian
975 4118 987 4184 ΙΙ
1007 4116 1143 4170 inuenitur
1156 4117 1234 4170 Bur-

106 4200 187 4253 sian:
207 4199 322 4253 inueniri
335 4201 363 4253 P
374 4200 431 4269 (sect
442 4202 467 4253 ri
479 4218 511 4263 no.
526 4203 568 4271 2),
590 4204 631 4255 est
649 4219 666 4255 u
723 4202 740 4259 9
761 4202 821 4271 quis
836 4219 858 4270 p
875 4204 887 4270 ΙΙ
903 4202 931 4255 id
950 4204 1032 4255 est—
1043 4204 1143 4256 terram
1161 4202 1234 4256 obelo

107 4286 219 4340 notauit
238 4286 373 4340 Wouerns
396 4288 408 4355 ΙΙ
432 4303 519 4341 aerem
532 4289 560 4341 et
572 4304 607 4356 p;
628 4290 721 4342 mutim
734 4305 828 4352 aerem,
842 4291 940 4346 terrem
