<?xml version="1.0" encoding="UTF-8"?>
<!DOCTYPE html PUBLIC "-//W3C//DTD XHTML 1.0 Transitional//EN"
    "http://www.w3.org/TR/xhtml1/DTD/xhtml1-transitional.dtd">
<html xmlns="http://www.w3.org/1999/xhtml" xml:lang="en" lang="en">
 <head>
  <title>
</title>
<meta http-equiv="Content-Type" content="text/html;charset=utf-8" />
  <meta name='ocr-system' content='tesseract 3.04.00' />
  <meta name='ocr-capabilities' content='ocr_page ocr_carea ocr_par ocr_line ocrx_word'/>
</head>
<body>
  <div class='ocr_page' id='page_1' title='image "./corpusscriptoru02wissgoog_0446.png"; bbox 0 0 3050 4984; ppageno 0'>
   <div class='ocr_carea' id='block_1_1' title="bbox 276 369 1017 437">
    <p class='ocr_par' dir='ltr' id='par_1_1' title="bbox 276 369 1017 437">
     <span class='ocr_line' id='line_1_1' title="bbox 276 369 1017 437; baseline -0.02 1"><span class='ocrx_word' id='word_1_1' title='bbox 276 373 336 437; x_wconf 87' lang='grc'><strong>118</strong></span> <span class='ocrx_word' id='word_1_2' title='bbox 711 370 852 424; x_wconf 84' lang='lat' dir='ltr'><strong>Firmici</strong></span> <span class='ocrx_word' id='word_1_3' title='bbox 869 369 1017 437; x_wconf 84' lang='lat' dir='ltr'><strong>blaterni</strong></span> 
     </span>
    </p>
   </div>
   <div class='ocr_carea' id='block_1_2' title="bbox 149 524 1401 711">
    <p class='ocr_par' dir='ltr' id='par_1_2' title="bbox 149 524 1401 711">
     <span class='ocr_line' id='line_1_2' title="bbox 273 524 1401 609; baseline -0.001 -19"><span class='ocrx_word' id='word_1_4' title='bbox 273 526 324 591; x_wconf 91' lang='lat' dir='ltr'><strong>hio</strong></span> <span class='ocrx_word' id='word_1_5' title='bbox 339 526 522 609; x_wconf 87' lang='lat' dir='ltr'><strong>contemptis</strong></span> <span class='ocrx_word' id='word_1_6' title='bbox 534 526 688 591; x_wconf 90' lang='lat' dir='ltr'><strong>mendatis</strong></span> <span class='ocrx_word' id='word_1_7' title='bbox 700 526 759 589; x_wconf 90' lang='lat' dir='ltr'><strong>Dei</strong></span> <span class='ocrx_word' id='word_1_8' title='bbox 771 526 940 589; x_wconf 88' lang='lat' dir='ltr'><strong>humanum</strong></span> <span class='ocrx_word' id='word_1_9' title='bbox 954 543 1049 609; x_wconf 88' lang='lat' dir='ltr'><strong>genus</strong></span> <span class='ocrx_word' id='word_1_10' title='bbox 1063 524 1265 589; x_wconf 77' lang='lat' dir='ltr'><strong>mortalitatis</strong></span> <span class='ocrx_word' id='word_1_11' title='bbox 1279 526 1401 607; x_wconf 80' lang='lat' dir='ltr'><strong>laqueis</strong></span> 
     </span>
     <span class='ocr_line' id='line_1_3' title="bbox 149 626 1398 711; baseline -0.001 -18"><span class='ocrx_word' id='word_1_12' title='bbox 149 658 155 677; x_wconf 51' lang='grc' dir='ltr'><em>ι</em></span> <span class='ocrx_word' id='word_1_13' title='bbox 189 632 192 647; x_wconf 87' lang='grc'><strong><em>’</em></strong></span> <span class='ocrx_word' id='word_1_14' title='bbox 273 629 401 693; x_wconf 83' lang='lat' dir='ltr'><strong>addixit.</strong></span> <span class='ocrx_word' id='word_1_15' title='bbox 426 628 586 711; x_wconf 75' lang='lat' dir='ltr'><strong>oportebat</strong></span> <span class='ocrx_word' id='word_1_16' title='bbox 599 628 657 692; x_wconf 90' lang='lat' dir='ltr'><strong>hoo</strong></span> <span class='ocrx_word' id='word_1_17' title='bbox 671 629 775 692; x_wconf 90' lang='lat' dir='ltr'><strong>totum</strong></span> <span class='ocrx_word' id='word_1_18' title='bbox 790 628 822 691; x_wconf 91' lang='lat' dir='ltr'><strong>et</strong></span> <span class='ocrx_word' id='word_1_19' title='bbox 836 626 998 692; x_wconf 87' lang='lat' dir='ltr'><strong>reformari</strong></span> <span class='ocrx_word' id='word_1_20' title='bbox 1009 628 1040 691; x_wconf 88' lang='lat' dir='ltr'><strong>et</strong></span> <span class='ocrx_word' id='word_1_21' title='bbox 1051 626 1163 710; x_wconf 82' lang='lat' dir='ltr'><strong>corrigi</strong></span> <span class='ocrx_word' id='word_1_22' title='bbox 1176 628 1208 691; x_wconf 90' lang='lat' dir='ltr'><strong>et</strong></span> <span class='ocrx_word' id='word_1_23' title='bbox 1218 627 1398 693; x_wconf 76' lang='lat' dir='ltr'><strong>reformatio</strong></span> 
     </span>
    </p>
   </div>
   <div class='ocr_carea' id='block_1_3' title="bbox 140 729 1440 3803">
    <p class='ocr_par' dir='ltr' id='par_1_3' title="bbox 273 729 1397 816">
     <span class='ocr_line' id='line_1_4' title="bbox 273 729 1397 816; baseline -0.004 -19"><span class='ocrx_word' id='word_1_24' title='bbox 273 732 400 816; x_wconf 82' lang='lat' dir='ltr'><strong>originis</strong></span> <span class='ocrx_word' id='word_1_25' title='bbox 414 732 522 796; x_wconf 92' lang='lat' dir='ltr'><strong>debuit</strong></span> <span class='ocrx_word' id='word_1_26' title='bbox 536 730 701 796; x_wconf 88' lang='lat' dir='ltr'><strong>reformare</strong></span> <span class='ocrx_word' id='word_1_27' title='bbox 715 730 891 812; x_wconf 85' lang='lat' dir='ltr'><strong>primordia.</strong></span> <span class='ocrx_word' id='word_1_28' title='bbox 909 749 945 794; x_wconf 86' lang='lat' dir='ltr'><strong>ex</strong></span> <span class='ocrx_word' id='word_1_29' title='bbox 955 729 1086 813; x_wconf 85' lang='lat' dir='ltr'><strong>uirginis</strong></span> <span class='ocrx_word' id='word_1_30' title='bbox 1098 731 1198 795; x_wconf 89' lang='lat' dir='ltr'><strong>terrae</strong></span> <span class='ocrx_word' id='word_1_31' title='bbox 1208 729 1284 794; x_wconf 90' lang='lat' dir='ltr'><strong>limo</strong></span> <span class='ocrx_word' id='word_1_32' title='bbox 1296 730 1397 795; x_wconf 87' lang='lat' dir='ltr'><strong>factus</strong></span> 
     </span>
    </p>

    <p class='ocr_par' dir='ltr' id='par_1_4' title="bbox 163 826 1439 1023">
     <span class='ocr_line' id='line_1_5' title="bbox 272 826 1397 916; baseline -0.002 -17"><span class='ocrx_word' id='word_1_33' title='bbox 272 835 374 900; x_wconf 84' lang='lat' dir='ltr'><strong>Adam</strong></span> <span class='ocrx_word' id='word_1_34' title='bbox 400 826 661 916; x_wconf 82' lang='lat' dir='ltr'><strong>praeuaricatione</strong></span> <span class='ocrx_word' id='word_1_35' title='bbox 687 835 810 915; x_wconf 91' lang='lat' dir='ltr'><strong>propria</strong></span> <span class='ocrx_word' id='word_1_36' title='bbox 834 832 1018 915; x_wconf 85' lang='lat' dir='ltr'><strong>promissam</strong></span> <span class='ocrx_word' id='word_1_37' title='bbox 1044 832 1180 914; x_wconf 82' lang='lat' dir='ltr'><strong>perdidit</strong></span> <span class='ocrx_word' id='word_1_38' title='bbox 1205 833 1319 897; x_wconf 87' lang='lat' dir='ltr'><strong>uitam:</strong></span> <span class='ocrx_word' id='word_1_39' title='bbox 1341 851 1397 915; x_wconf 89' lang='lat' dir='ltr'><strong>per</strong></span> 
     </span>
     <span class='ocr_line' id='line_1_6' title="bbox 163 934 1439 1023; baseline -0.012 -13"><span class='ocrx_word' id='word_1_40' title='bbox 163 966 261 1013; x_wconf 71' lang='lat' dir='ltr'><strong>rena,</strong></span> <span class='ocrx_word' id='word_1_41' title='bbox 272 938 425 1023; x_wconf 85' lang='lat' dir='ltr'><strong>uirginem</strong></span> <span class='ocrx_word' id='word_1_42' title='bbox 445 938 449 1019; x_wconf 91' lang='grc'>1</span> <span class='ocrx_word' id='word_1_43' title='bbox 468 937 600 1001; x_wconf 91' lang='lat' dir='ltr'><strong>Mariam</strong></span> <span class='ocrx_word' id='word_1_44' title='bbox 624 956 659 1001; x_wconf 91' lang='lat' dir='ltr'><strong>ac</strong></span> <span class='ocrx_word' id='word_1_45' title='bbox 681 936 825 1017; x_wconf 89' lang='lat' dir='ltr'><strong>spiritum</strong></span> <span class='ocrx_word' id='word_1_46' title='bbox 845 936 987 1000; x_wconf 89' lang='lat' dir='ltr'><strong>sanctum</strong></span> <span class='ocrx_word' id='word_1_47' title='bbox 1008 934 1148 999; x_wconf 82' lang='lat' dir='ltr'><strong>Christus</strong></span> <span class='ocrx_word' id='word_1_48' title='bbox 1173 937 1265 1000; x_wconf 88' lang='lat' dir='ltr'><strong>natus</strong></span> <span class='ocrx_word' id='word_1_49' title='bbox 1291 937 1323 1001; x_wconf 90' lang='lat' dir='ltr'><strong>et</strong></span> <span class='ocrx_word' id='word_1_50' title='bbox 1347 936 1396 999; x_wconf 93' lang='lat' dir='ltr'><strong>in-</strong></span> <span class='ocrx_word' id='word_1_51' title='bbox 1419 958 1439 995; x_wconf 68' lang='lat' dir='ltr'><strong>a</strong></span> 
     </span>
    </p>

    <p class='ocr_par' dir='ltr' id='par_1_5' title="bbox 271 1038 1397 1132">
     <span class='ocr_line' id='line_1_7' title="bbox 271 1038 1397 1132; baseline -0.004 -26"><span class='ocrx_word' id='word_1_52' title='bbox 271 1041 495 1107; x_wconf 86' lang='lat' dir='ltr'><strong>mortalitatem</strong></span> <span class='ocrx_word' id='word_1_53' title='bbox 510 1040 672 1132; x_wconf 78' lang='lat' dir='ltr'><strong>accepitet</strong></span> <span class='ocrx_word' id='word_1_54' title='bbox 686 1058 825 1122; x_wconf 86' lang='lat' dir='ltr'><strong>regnum.</strong></span> <span class='ocrx_word' id='word_1_55' title='bbox 848 1040 938 1104; x_wconf 89' lang='lat' dir='ltr'><strong>arbor</strong></span> <span class='ocrx_word' id='word_1_56' title='bbox 958 1039 1037 1122; x_wconf 82' lang='lat' dir='ltr'><strong>ligni</strong></span> <span class='ocrx_word' id='word_1_57' title='bbox 1060 1038 1240 1121; x_wconf 90' lang='lat' dir='ltr'><strong>pestiferum</strong></span> <span class='ocrx_word' id='word_1_58' title='bbox 1262 1038 1397 1121; x_wconf 80' lang='lat' dir='ltr'><strong>deceptis</strong></span> 
     </span>
    </p>

    <p class='ocr_par' dir='ltr' id='par_1_6' title="bbox 270 1141 1395 1226">
     <span class='ocr_line' id='line_1_8' title="bbox 270 1141 1395 1226; baseline -0.004 -18"><span class='ocrx_word' id='word_1_59' title='bbox 270 1144 419 1226; x_wconf 90' lang='lat' dir='ltr'><strong>pabulum</strong></span> <span class='ocrx_word' id='word_1_60' title='bbox 433 1143 589 1225; x_wconf 89' lang='lat' dir='ltr'><strong>praebuit:</strong></span> <span class='ocrx_word' id='word_1_61' title='bbox 612 1142 735 1226; x_wconf 86' lang='lat' dir='ltr'><strong>lignum</strong></span> <span class='ocrx_word' id='word_1_62' title='bbox 750 1142 849 1205; x_wconf 88' lang='lat' dir='ltr'><strong>crucis</strong></span> <span class='ocrx_word' id='word_1_63' title='bbox 863 1141 965 1205; x_wconf 88' lang='lat' dir='ltr'><strong>uitam</strong></span> <span class='ocrx_word' id='word_1_64' title='bbox 979 1142 1137 1206; x_wconf 87' lang='lat' dir='ltr'><strong>inmortali</strong></span> <span class='ocrx_word' id='word_1_65' title='bbox 1152 1159 1287 1226; x_wconf 86' lang='lat' dir='ltr'><strong>eonpago</strong></span> <span class='ocrx_word' id='word_1_66' title='bbox 1301 1141 1395 1205; x_wconf 88' lang='lat' dir='ltr'><strong>resti-</strong></span> 
     </span>
    </p>

    <p class='ocr_par' dir='ltr' id='par_1_7' title="bbox 270 1243 1397 1329">
     <span class='ocr_line' id='line_1_9' title="bbox 270 1243 1397 1329; baseline -0.003 -18"><span class='ocrx_word' id='word_1_67' title='bbox 270 1247 341 1311; x_wconf 89' lang='lat' dir='ltr'><strong>tuit.</strong></span> <span class='ocrx_word' id='word_1_68' title='bbox 365 1246 550 1329; x_wconf 87' lang='lat' dir='ltr'><strong>eontempsit</strong></span> <span class='ocrx_word' id='word_1_69' title='bbox 564 1245 681 1323; x_wconf 84' lang='lat' dir='ltr'><strong>Adam,</strong></span> <span class='ocrx_word' id='word_1_70' title='bbox 704 1244 862 1309; x_wconf 88' lang='lat' dir='ltr'><strong>oboediuit</strong></span> <span class='ocrx_word' id='word_1_71' title='bbox 882 1244 946 1309; x_wconf 87' lang='lat' dir='ltr'><strong>Deo</strong></span> <span class='ocrx_word' id='word_1_72' title='bbox 964 1243 1119 1309; x_wconf 84' lang='lat' dir='ltr'><strong>Christus:</strong></span> <span class='ocrx_word' id='word_1_73' title='bbox 1143 1245 1188 1308; x_wconf 86' lang='lat' dir='ltr'><strong>sio</strong></span> <span class='ocrx_word' id='word_1_74' title='bbox 1209 1245 1316 1310; x_wconf 89' lang='lat' dir='ltr'><strong>diuina</strong></span> <span class='ocrx_word' id='word_1_75' title='bbox 1331 1244 1397 1309; x_wconf 91' lang='lat' dir='ltr'><strong>dis·</strong></span> 
     </span>
    </p>

    <p class='ocr_par' dir='ltr' id='par_1_8' title="bbox 241 1346 1440 1534">
     <span class='ocr_line' id='line_1_10' title="bbox 241 1346 1398 1431; baseline 0.002 -21"><span class='ocrx_word' id='word_1_76' title='bbox 241 1350 419 1431; x_wconf 88' lang='lat' dir='ltr'><strong>3positione</strong></span> <span class='ocrx_word' id='word_1_77' title='bbox 445 1347 590 1431; x_wconf 89' lang='lat' dir='ltr'><strong>quicquid</strong></span> <span class='ocrx_word' id='word_1_78' title='bbox 615 1348 717 1413; x_wconf 84' lang='lat' dir='ltr'><strong>Adam</strong></span> <span class='ocrx_word' id='word_1_79' title='bbox 739 1347 875 1431; x_wconf 85' lang='lat' dir='ltr'><strong>perdidit</strong></span> <span class='ocrx_word' id='word_1_80' title='bbox 901 1346 1041 1413; x_wconf 76' lang='lat' dir='ltr'><strong>Christus</strong></span> <span class='ocrx_word' id='word_1_81' title='bbox 1067 1348 1196 1412; x_wconf 89' lang='lat' dir='ltr'><strong>inuenit.</strong></span> <span class='ocrx_word' id='word_1_82' title='bbox 1227 1366 1299 1411; x_wconf 90' lang='lat' dir='ltr'><strong>nam</strong></span> <span class='ocrx_word' id='word_1_83' title='bbox 1325 1351 1398 1429; x_wconf 91' lang='lat' dir='ltr'><strong>post</strong></span> 
     </span>
     <span class='ocr_line' id='line_1_11' title="bbox 269 1450 1440 1534; baseline 0.003 -18"><span class='ocrx_word' id='word_1_84' title='bbox 269 1452 371 1516; x_wconf 90' lang='lat' dir='ltr'><strong>multa</strong></span> <span class='ocrx_word' id='word_1_85' title='bbox 390 1454 528 1534; x_wconf 91' lang='lat' dir='ltr'><strong>tempora</strong></span> <span class='ocrx_word' id='word_1_86' title='bbox 549 1451 726 1515; x_wconf 90' lang='lat' dir='ltr'><strong>nouissimis</strong></span> <span class='ocrx_word' id='word_1_87' title='bbox 752 1453 927 1533; x_wconf 90' lang='lat' dir='ltr'><strong>temporum</strong></span> <span class='ocrx_word' id='word_1_88' title='bbox 951 1451 1074 1533; x_wconf 85' lang='lat' dir='ltr'><strong>spatiis,</strong></span> <span class='ocrx_word' id='word_1_89' title='bbox 1098 1450 1132 1514; x_wconf 92' lang='lat' dir='ltr'><strong>id</strong></span> <span class='ocrx_word' id='word_1_90' title='bbox 1157 1452 1204 1515; x_wconf 93' lang='lat' dir='ltr'><strong>est</strong></span> <span class='ocrx_word' id='word_1_91' title='bbox 1226 1451 1396 1515; x_wconf 74' lang='lat' dir='ltr'><strong>norissima</strong></span> <span class='ocrx_word' id='word_1_92' title='bbox 1406 1481 1440 1519; x_wconf 79' lang='lat' dir='ltr'><strong>ro</strong></span> 
     </span>
    </p>

    <p class='ocr_par' dir='ltr' id='par_1_9' title="bbox 269 1553 1395 1638">
     <span class='ocr_line' id='line_1_12' title="bbox 269 1553 1395 1638; baseline -0.002 -19"><span class='ocrx_word' id='word_1_93' title='bbox 269 1573 363 1638; x_wconf 88' lang='lat' dir='ltr'><strong>paene</strong></span> <span class='ocrx_word' id='word_1_94' title='bbox 378 1554 568 1620; x_wconf 88' lang='lat' dir='ltr'><strong>saeculomm</strong></span> <span class='ocrx_word' id='word_1_95' title='bbox 579 1554 754 1632; x_wconf 85' lang='lat' dir='ltr'><strong>ebdomade,</strong></span> <span class='ocrx_word' id='word_1_96' title='bbox 771 1553 900 1618; x_wconf 90' lang='lat' dir='ltr'><strong>uerbum</strong></span> <span class='ocrx_word' id='word_1_97' title='bbox 916 1554 975 1618; x_wconf 92' lang='lat' dir='ltr'><strong>Dei</strong></span> <span class='ocrx_word' id='word_1_98' title='bbox 989 1554 1123 1619; x_wconf 72' lang='lat' dir='ltr'><strong>hennano</strong></span> <span class='ocrx_word' id='word_1_99' title='bbox 1138 1572 1170 1618; x_wconf 94' lang='lat' dir='ltr'><strong>se</strong></span> <span class='ocrx_word' id='word_1_100' title='bbox 1185 1554 1312 1619; x_wconf 87' lang='lat' dir='ltr'><strong>miscuit</strong></span> <span class='ocrx_word' id='word_1_101' title='bbox 1327 1572 1395 1618; x_wconf 89' lang='lat' dir='ltr'><strong>eor-</strong></span> 
     </span>
    </p>

    <p class='ocr_par' dir='ltr' id='par_1_10' title="bbox 140 1657 1395 1740">
     <span class='ocr_line' id='line_1_13' title="bbox 140 1657 1395 1740; baseline 0 -19"><span class='ocrx_word' id='word_1_102' title='bbox 140 1731 144 1736; x_wconf 91' lang='lat'>.</span> <span class='ocrx_word' id='word_1_103' title='bbox 269 1658 350 1739; x_wconf 84' lang='lat' dir='ltr'><strong>pori,</strong></span> <span class='ocrx_word' id='word_1_104' title='bbox 374 1660 410 1723; x_wconf 93' lang='lat' dir='ltr'><strong>ut</strong></span> <span class='ocrx_word' id='word_1_105' title='bbox 425 1658 582 1722; x_wconf 91' lang='lat' dir='ltr'><strong>hominem</strong></span> <span class='ocrx_word' id='word_1_106' title='bbox 596 1657 758 1735; x_wconf 88' lang='lat' dir='ltr'><strong>hberaret‚</strong></span> <span class='ocrx_word' id='word_1_107' title='bbox 774 1658 811 1721; x_wconf 90' lang='lat' dir='ltr'><strong>ut</strong></span> <span class='ocrx_word' id='word_1_108' title='bbox 825 1658 958 1722; x_wconf 86' lang='lat' dir='ltr'><strong>mortem</strong></span> <span class='ocrx_word' id='word_1_109' title='bbox 974 1657 1124 1735; x_wconf 85' lang='lat' dir='ltr'><strong>uinceret,</strong></span> <span class='ocrx_word' id='word_1_110' title='bbox 1140 1658 1176 1721; x_wconf 91' lang='lat' dir='ltr'><strong>ut</strong></span> <span class='ocrx_word' id='word_1_111' title='bbox 1190 1657 1395 1740; x_wconf 82' lang='lat' dir='ltr'><strong>fragilitatem</strong></span> 
     </span>
    </p>

    <p class='ocr_par' dir='ltr' id='par_1_11' title="bbox 187 1759 1393 1844">
     <span class='ocr_line' id='line_1_14' title="bbox 187 1759 1393 1844; baseline -0.002 -19"><span class='ocrx_word' id='word_1_112' title='bbox 187 1764 189 1770; x_wconf 87' lang='lat'>&#39;</span> <span class='ocrx_word' id='word_1_113' title='bbox 269 1761 397 1825; x_wconf 90' lang='lat' dir='ltr'><strong>humani</strong></span> <span class='ocrx_word' id='word_1_114' title='bbox 413 1760 545 1843; x_wconf 88' lang='lat' dir='ltr'><strong>corporis</strong></span> <span class='ocrx_word' id='word_1_115' title='bbox 560 1779 631 1825; x_wconf 90' lang='lat' dir='ltr'><strong>oum</strong></span> <span class='ocrx_word' id='word_1_116' title='bbox 645 1760 751 1824; x_wconf 90' lang='lat' dir='ltr'><strong>diuina</strong></span> <span class='ocrx_word' id='word_1_117' title='bbox 765 1759 989 1825; x_wconf 86' lang='lat' dir='ltr'><strong>inmortalitate</strong></span> <span class='ocrx_word' id='word_1_118' title='bbox 1000 1759 1206 1844; x_wconf 87' lang='lat' dir='ltr'><strong>coniungeret.</strong></span> <span class='ocrx_word' id='word_1_119' title='bbox 1222 1760 1296 1843; x_wconf 92' lang='lat' dir='ltr'><strong>quid</strong></span> <span class='ocrx_word' id='word_1_120' title='bbox 1311 1759 1393 1824; x_wconf 92' lang='lat' dir='ltr'><strong>enim</strong></span> 
     </span>
    </p>

    <p class='ocr_par' dir='ltr' id='par_1_12' title="bbox 269 1862 1437 2049">
     <span class='ocr_line' id='line_1_15' title="bbox 270 1862 1394 1946; baseline -0.002 -17"><span class='ocrx_word' id='word_1_121' title='bbox 270 1864 382 1929; x_wconf 88' lang='lat' dir='ltr'><strong>faceret</strong></span> <span class='ocrx_word' id='word_1_122' title='bbox 396 1864 485 1928; x_wconf 88' lang='lat' dir='ltr'><strong>tanta</strong></span> <span class='ocrx_word' id='word_1_123' title='bbox 499 1863 591 1927; x_wconf 93' lang='lat' dir='ltr'><strong>turba</strong></span> <span class='ocrx_word' id='word_1_124' title='bbox 606 1863 802 1927; x_wconf 79' lang='lat' dir='ltr'><strong>sanctorum?</strong></span> <span class='ocrx_word' id='word_1_125' title='bbox 825 1882 902 1946; x_wconf 91' lang='lat' dir='ltr'><strong>quae</strong></span> <span class='ocrx_word' id='word_1_126' title='bbox 917 1863 982 1927; x_wconf 93' lang='lat' dir='ltr'><strong>illis</strong></span> <span class='ocrx_word' id='word_1_127' title='bbox 997 1881 1066 1945; x_wconf 88' lang='lat' dir='ltr'><strong>spes</strong></span> <span class='ocrx_word' id='word_1_128' title='bbox 1081 1862 1214 1927; x_wconf 74' lang='lat' dir='ltr'><strong>salutis?</strong></span> <span class='ocrx_word' id='word_1_129' title='bbox 1236 1864 1316 1945; x_wconf 90' lang='lat' dir='ltr'><strong>quod</strong></span> <span class='ocrx_word' id='word_1_130' title='bbox 1326 1882 1394 1928; x_wconf 94' lang='lat' dir='ltr'><strong>me·</strong></span> 
     </span>
     <span class='ocr_line' id='line_1_16' title="bbox 269 1965 1437 2049; baseline -0.001 -19"><span class='ocrx_word' id='word_1_131' title='bbox 269 1967 400 2034; x_wconf 88' lang='lat' dir='ltr'><strong>ritorum</strong></span> <span class='ocrx_word' id='word_1_132' title='bbox 414 1965 602 2049; x_wconf 85' lang='lat' dir='ltr'><strong>praemium,</strong></span> <span class='ocrx_word' id='word_1_133' title='bbox 626 1966 653 2030; x_wconf 88' lang='lat' dir='ltr'><strong>si</strong></span> <span class='ocrx_word' id='word_1_134' title='bbox 678 1967 734 2031; x_wconf 93' lang='lat' dir='ltr'><strong>sub</strong></span> <span class='ocrx_word' id='word_1_135' title='bbox 761 1987 823 2031; x_wconf 92' lang='lat' dir='ltr'><strong>una</strong></span> <span class='ocrx_word' id='word_1_136' title='bbox 848 1966 1014 2048; x_wconf 84' lang='lat' dir='ltr'><strong>eademque</strong></span> <span class='ocrx_word' id='word_1_137' title='bbox 1028 1965 1206 2031; x_wconf 90' lang='lat' dir='ltr'><strong>condicione</strong></span> <span class='ocrx_word' id='word_1_138' title='bbox 1220 1966 1312 2030; x_wconf 91' lang='lat' dir='ltr'><strong>sortis</strong></span> <span class='ocrx_word' id='word_1_139' title='bbox 1327 1965 1437 2029; x_wconf 73' lang='lat' dir='ltr'><strong>inea</strong></span> 
     </span>
    </p>

    <p class='ocr_par' dir='ltr' id='par_1_13' title="bbox 269 2069 1394 2152">
     <span class='ocr_line' id='line_1_17' title="bbox 269 2069 1394 2152; baseline -0.001 -19"><span class='ocrx_word' id='word_1_140' title='bbox 269 2069 469 2135; x_wconf 85' lang='lat' dir='ltr'><strong>laetabilibus</strong></span> <span class='ocrx_word' id='word_1_141' title='bbox 497 2070 700 2135; x_wconf 89' lang='lat' dir='ltr'><strong>mortalitatis</strong></span> <span class='ocrx_word' id='word_1_142' title='bbox 726 2070 844 2152; x_wconf 87' lang='lat' dir='ltr'><strong>laqueis</strong></span> <span class='ocrx_word' id='word_1_143' title='bbox 870 2070 965 2134; x_wconf 90' lang='lat' dir='ltr'><strong>etiam</strong></span> <span class='ocrx_word' id='word_1_144' title='bbox 985 2070 1052 2151; x_wconf 89' lang='lat' dir='ltr'><strong>ipsa</strong></span> <span class='ocrx_word' id='word_1_145' title='bbox 1066 2069 1203 2152; x_wconf 87' lang='lat' dir='ltr'><strong>obhgata</strong></span> <span class='ocrx_word' id='word_1_146' title='bbox 1217 2069 1394 2133; x_wconf 78' lang='lat' dir='ltr'><strong>teneretur?</strong></span> 
     </span>
    </p>

    <p class='ocr_par' dir='ltr' id='par_1_14' title="bbox 268 2170 1393 2252">
     <span class='ocr_line' id='line_1_18' title="bbox 268 2170 1393 2252; baseline -0.003 -15"><span class='ocrx_word' id='word_1_147' title='bbox 268 2172 346 2237; x_wconf 88' lang='lat' dir='ltr'><strong>nihil</strong></span> <span class='ocrx_word' id='word_1_148' title='bbox 362 2173 479 2251; x_wconf 86' lang='lat' dir='ltr'><strong>Habel‚</strong></span> <span class='ocrx_word' id='word_1_149' title='bbox 502 2172 691 2252; x_wconf 70' lang='lat' dir='ltr'><strong>nihildum,</strong></span> <span class='ocrx_word' id='word_1_150' title='bbox 715 2173 794 2238; x_wconf 87' lang='lat' dir='ltr'><strong>nihil</strong></span> <span class='ocrx_word' id='word_1_151' title='bbox 814 2172 896 2250; x_wconf 75' lang='lat' dir='ltr'><strong>Noe,</strong></span> <span class='ocrx_word' id='word_1_152' title='bbox 919 2172 999 2236; x_wconf 93' lang='lat' dir='ltr'><strong>nihil</strong></span> <span class='ocrx_word' id='word_1_153' title='bbox 1020 2170 1105 2250; x_wconf 83' lang='lat' dir='ltr'><strong>Sem,</strong></span> <span class='ocrx_word' id='word_1_154' title='bbox 1129 2171 1208 2235; x_wconf 90' lang='lat' dir='ltr'><strong>nihil</strong></span> <span class='ocrx_word' id='word_1_155' title='bbox 1222 2171 1393 2250; x_wconf 77' lang='lat' dir='ltr'><strong>Abraham,</strong></span> 
     </span>
    </p>

    <p class='ocr_par' dir='ltr' id='par_1_15' title="bbox 268 2274 1394 2354">
     <span class='ocr_line' id='line_1_19' title="bbox 268 2274 1394 2354; baseline -0.003 -14"><span class='ocrx_word' id='word_1_156' title='bbox 268 2276 347 2340; x_wconf 91' lang='lat' dir='ltr'><strong>nihil</strong></span> <span class='ocrx_word' id='word_1_157' title='bbox 362 2276 465 2354; x_wconf 83' lang='lat' dir='ltr'><strong>Isaeo,</strong></span> <span class='ocrx_word' id='word_1_158' title='bbox 488 2275 568 2339; x_wconf 90' lang='lat' dir='ltr'><strong>nihil</strong></span> <span class='ocrx_word' id='word_1_159' title='bbox 588 2276 679 2341; x_wconf 90' lang='lat' dir='ltr'><strong>Iacob</strong></span> <span class='ocrx_word' id='word_1_160' title='bbox 704 2275 741 2341; x_wconf 92' lang='lat' dir='ltr'><strong>de</strong></span> <span class='ocrx_word' id='word_1_161' title='bbox 766 2275 825 2340; x_wconf 90' lang='lat' dir='ltr'><strong>Dei</strong></span> <span class='ocrx_word' id='word_1_162' title='bbox 851 2275 911 2339; x_wconf 89' lang='lat' dir='ltr'><strong>sibi</strong></span> <span class='ocrx_word' id='word_1_163' title='bbox 936 2274 1147 2338; x_wconf 88' lang='lat' dir='ltr'><strong>misericordie</strong></span> <span class='ocrx_word' id='word_1_164' title='bbox 1172 2292 1207 2339; x_wconf 90' lang='lat' dir='ltr'><strong>ao</strong></span> <span class='ocrx_word' id='word_1_165' title='bbox 1229 2275 1394 2340; x_wconf 89' lang='lat' dir='ltr'><strong>maiestate</strong></span> 
     </span>
    </p>

    <p class='ocr_par' dir='ltr' id='par_1_16' title="bbox 267 2375 1438 2563">
     <span class='ocr_line' id='line_1_20' title="bbox 267 2375 1392 2461; baseline -0.001 -18"><span class='ocrx_word' id='word_1_166' title='bbox 267 2378 495 2460; x_wconf 88' lang='lat' dir='ltr'><strong>promitterent:</strong></span> <span class='ocrx_word' id='word_1_167' title='bbox 518 2378 599 2443; x_wconf 88' lang='lat' dir='ltr'><strong>irent</strong></span> <span class='ocrx_word' id='word_1_168' title='bbox 626 2378 721 2443; x_wconf 88' lang='lat' dir='ltr'><strong>etiam</strong></span> <span class='ocrx_word' id='word_1_169' title='bbox 747 2378 808 2461; x_wconf 89' lang='lat' dir='ltr'><strong>ipsi</strong></span> <span class='ocrx_word' id='word_1_170' title='bbox 834 2378 903 2461; x_wconf 92' lang='lat' dir='ltr'><strong>post</strong></span> <span class='ocrx_word' id='word_1_171' title='bbox 928 2378 1051 2443; x_wconf 87' lang='lat' dir='ltr'><strong>tantum</strong></span> <span class='ocrx_word' id='word_1_172' title='bbox 1070 2375 1143 2441; x_wconf 93' lang='lat' dir='ltr'><strong>fidei</strong></span> <span class='ocrx_word' id='word_1_173' title='bbox 1157 2378 1305 2441; x_wconf 90' lang='lat' dir='ltr'><strong>meritum</strong></span> <span class='ocrx_word' id='word_1_174' title='bbox 1320 2396 1392 2442; x_wconf 90' lang='lat' dir='ltr'><strong>oum</strong></span> 
     </span>
     <span class='ocr_line' id='line_1_21' title="bbox 267 2480 1438 2563; baseline -0.006 -17"><span class='ocrx_word' id='word_1_175' title='bbox 267 2482 375 2547; x_wconf 88' lang='lat' dir='ltr'><strong>ceteris</strong></span> <span class='ocrx_word' id='word_1_176' title='bbox 391 2481 532 2547; x_wconf 88' lang='lat' dir='ltr'><strong>omnibus</strong></span> <span class='ocrx_word' id='word_1_177' title='bbox 547 2482 662 2563; x_wconf 90' lang='lat' dir='ltr'><strong>pariter</strong></span> <span class='ocrx_word' id='word_1_178' title='bbox 677 2481 793 2547; x_wconf 88' lang='lat' dir='ltr'><strong>addicti</strong></span> <span class='ocrx_word' id='word_1_179' title='bbox 808 2482 840 2545; x_wconf 90' lang='lat' dir='ltr'><strong>et</strong></span> <span class='ocrx_word' id='word_1_180' title='bbox 853 2499 958 2546; x_wconf 90' lang='lat' dir='ltr'><strong>omnes</strong></span> <span class='ocrx_word' id='word_1_181' title='bbox 972 2480 1031 2545; x_wconf 91' lang='lat' dir='ltr'><strong>Dei</strong></span> <span class='ocrx_word' id='word_1_182' title='bbox 1043 2482 1163 2545; x_wconf 88' lang='lat' dir='ltr'><strong>sanctos</strong></span> <span class='ocrx_word' id='word_1_183' title='bbox 1174 2499 1270 2551; x_wconf 91' lang='lat' dir='ltr'><strong>unum</strong></span> <span class='ocrx_word' id='word_1_184' title='bbox 1282 2480 1392 2544; x_wconf 91' lang='lat' dir='ltr'><strong>mortis</strong></span> <span class='ocrx_word' id='word_1_185' title='bbox 1401 2498 1438 2539; x_wconf 73' lang='lat' dir='ltr'><strong>aa</strong></span> 
     </span>
    </p>

    <p class='ocr_par' dir='ltr' id='par_1_17' title="bbox 268 2583 1392 2666">
     <span class='ocr_line' id='line_1_22' title="bbox 268 2583 1392 2666; baseline -0.003 -17"><span class='ocrx_word' id='word_1_186' title='bbox 268 2584 396 2649; x_wconf 85' lang='lat' dir='ltr'><strong>exitium</strong></span> <span class='ocrx_word' id='word_1_187' title='bbox 422 2585 572 2666; x_wconf 80' lang='lat' dir='ltr'><strong>exciperet</strong></span> <span class='ocrx_word' id='word_1_188' title='bbox 595 2602 651 2649; x_wconf 90' lang='lat' dir='ltr'><strong>noo</strong></span> <span class='ocrx_word' id='word_1_189' title='bbox 675 2585 803 2649; x_wconf 89' lang='lat' dir='ltr'><strong>haberet</strong></span> <span class='ocrx_word' id='word_1_190' title='bbox 829 2586 904 2665; x_wconf 89' lang='lat' dir='ltr'><strong>aput</strong></span> <span class='ocrx_word' id='word_1_191' title='bbox 918 2584 1020 2648; x_wconf 91' lang='lat' dir='ltr'><strong>Deum</strong></span> <span class='ocrx_word' id='word_1_192' title='bbox 1034 2583 1206 2665; x_wconf 89' lang='lat' dir='ltr'><strong>praemium</strong></span> <span class='ocrx_word' id='word_1_193' title='bbox 1220 2584 1333 2666; x_wconf 83' lang='lat' dir='ltr'><strong>pietas,</strong></span> <span class='ocrx_word' id='word_1_194' title='bbox 1364 2583 1392 2647; x_wconf 94' lang='lat' dir='ltr'><strong>si</strong></span> 
     </span>
    </p>

    <p class='ocr_par' dir='ltr' id='par_1_18' title="bbox 238 2687 1391 2769">
     <span class='ocr_line' id='line_1_23' title="bbox 238 2687 1391 2769; baseline -0.001 -18"><span class='ocrx_word' id='word_1_195' title='bbox 238 2688 327 2751; x_wconf 69' lang='lat' dir='ltr'><strong>tuna</strong></span> <span class='ocrx_word' id='word_1_196' title='bbox 341 2687 508 2769; x_wconf 86' lang='lat' dir='ltr'><strong>eademque</strong></span> <span class='ocrx_word' id='word_1_197' title='bbox 523 2706 627 2752; x_wconf 90' lang='lat' dir='ltr'><strong>omnes</strong></span> <span class='ocrx_word' id='word_1_198' title='bbox 642 2688 778 2753; x_wconf 87' lang='lat' dir='ltr'><strong>eondicio</strong></span> <span class='ocrx_word' id='word_1_199' title='bbox 793 2688 903 2752; x_wconf 91' lang='lat' dir='ltr'><strong>mortis</strong></span> <span class='ocrx_word' id='word_1_200' title='bbox 916 2688 1063 2752; x_wconf 90' lang='lat' dir='ltr'><strong>hauriret.</strong></span> <span class='ocrx_word' id='word_1_201' title='bbox 1085 2687 1139 2751; x_wconf 92' lang='lat' dir='ltr'><strong>sed</strong></span> <span class='ocrx_word' id='word_1_202' title='bbox 1150 2688 1234 2751; x_wconf 91' lang='lat' dir='ltr'><strong>Deus</strong></span> <span class='ocrx_word' id='word_1_203' title='bbox 1249 2687 1391 2751; x_wconf 87' lang='lat' dir='ltr'><strong>Abrahae</strong></span> 
     </span>
    </p>

    <p class='ocr_par' dir='ltr' id='par_1_19' title="bbox 251 2786 1390 2874">
     <span class='ocr_line' id='line_1_24' title="bbox 251 2786 1390 2874; baseline 0.001 -21"><span class='ocrx_word' id='word_1_204' title='bbox 251 2786 378 2854; x_wconf 80' lang='lat' dir='ltr'><strong>&#39;clarius</strong></span> <span class='ocrx_word' id='word_1_205' title='bbox 394 2810 412 2855; x_wconf 95' lang='lat' dir='ltr'><strong>a</strong></span> <span class='ocrx_word' id='word_1_206' title='bbox 427 2790 504 2855; x_wconf 90' lang='lat' dir='ltr'><strong>caeli</strong></span> <span class='ocrx_word' id='word_1_207' title='bbox 520 2790 672 2856; x_wconf 88' lang='lat' dir='ltr'><strong>sideribus</strong></span> <span class='ocrx_word' id='word_1_208' title='bbox 686 2790 869 2872; x_wconf 91' lang='lat' dir='ltr'><strong>promiserat</strong></span> <span class='ocrx_word' id='word_1_209' title='bbox 884 2809 1022 2874; x_wconf 83' lang='lat' dir='ltr'><strong>regnum.</strong></span> <span class='ocrx_word' id='word_1_210' title='bbox 1046 2789 1114 2855; x_wconf 92' lang='lat' dir='ltr'><strong>ideo</strong></span> <span class='ocrx_word' id='word_1_211' title='bbox 1126 2808 1161 2855; x_wconf 84' lang='lat' dir='ltr'><strong>ex</strong></span> <span class='ocrx_word' id='word_1_212' title='bbox 1173 2789 1390 2873; x_wconf 79' lang='lat' dir='ltr'><strong>generehbra·</strong></span> 
     </span>
    </p>

    <p class='ocr_par' dir='ltr' id='par_1_20' title="bbox 264 2886 1436 3087">
     <span class='ocr_line' id='line_1_25' title="bbox 264 2886 1390 2977; baseline 0 -22"><span class='ocrx_word' id='word_1_213' title='bbox 264 2891 323 2956; x_wconf 89' lang='lat' dir='ltr'><strong>hae</strong></span> <span class='ocrx_word' id='word_1_214' title='bbox 339 2886 521 2957; x_wconf 76' lang='lat' dir='ltr'><strong>descendens</strong></span> <span class='ocrx_word' id='word_1_215' title='bbox 535 2892 636 2957; x_wconf 90' lang='lat' dir='ltr'><strong>Maria</strong></span> <span class='ocrx_word' id='word_1_216' title='bbox 649 2892 738 2977; x_wconf 83' lang='lat' dir='ltr'><strong>uirgo</strong></span> <span class='ocrx_word' id='word_1_217' title='bbox 752 2892 812 2956; x_wconf 90' lang='lat' dir='ltr'><strong>Dei</strong></span> <span class='ocrx_word' id='word_1_218' title='bbox 834 2892 987 2975; x_wconf 84' lang='lat' dir='ltr'><strong>concepit,</strong></span> <span class='ocrx_word' id='word_1_219' title='bbox 1012 2894 1048 2957; x_wconf 86' lang='lat' dir='ltr'><strong>ut</strong></span> <span class='ocrx_word' id='word_1_220' title='bbox 1068 2893 1313 2976; x_wconf 89' lang='lat' dir='ltr'><strong>supradictorum</strong></span> <span class='ocrx_word' id='word_1_221' title='bbox 1333 2892 1390 2956; x_wconf 94' lang='lat' dir='ltr'><strong>ho-</strong></span> 
     </span>
     <span class='ocr_line' id='line_1_26' title="bbox 264 2995 1436 3087; baseline 0.006 -28"><span class='ocrx_word' id='word_1_222' title='bbox 264 2996 385 3060; x_wconf 91' lang='lat' dir='ltr'><strong>minum</strong></span> <span class='ocrx_word' id='word_1_223' title='bbox 408 2996 526 3087; x_wconf 82' lang='lat' dir='ltr'><strong>soboles</strong></span> <span class='ocrx_word' id='word_1_224' title='bbox 546 2995 724 3061; x_wconf 48' lang='lat' dir='ltr'><strong>¹inmortahs</strong></span> <span class='ocrx_word' id='word_1_225' title='bbox 750 2996 906 3061; x_wconf 85' lang='lat' dir='ltr'><strong>societatis</strong></span> <span class='ocrx_word' id='word_1_226' title='bbox 932 2996 1055 3060; x_wconf 89' lang='lat' dir='ltr'><strong>uinculo</strong></span> <span class='ocrx_word' id='word_1_227' title='bbox 1078 2996 1271 3081; x_wconf 84' lang='lat' dir='ltr'><strong>iungeretur,</strong></span> <span class='ocrx_word' id='word_1_228' title='bbox 1294 2998 1331 3061; x_wconf 89' lang='lat' dir='ltr'><strong>ut</strong></span> <span class='ocrx_word' id='word_1_229' title='bbox 1345 2997 1436 3066; x_wconf 71' lang='lat' dir='ltr'><strong>sicea</strong></span> 
     </span>
    </p>

    <p class='ocr_par' dir='ltr' id='par_1_21' title="bbox 264 3099 1390 3183">
     <span class='ocr_line' id='line_1_27' title="bbox 264 3099 1390 3183; baseline 0.001 -20"><span class='ocrx_word' id='word_1_230' title='bbox 264 3099 435 3163; x_wconf 85' lang='lat' dir='ltr'><strong>humanum</strong></span> <span class='ocrx_word' id='word_1_231' title='bbox 450 3118 546 3183; x_wconf 86' lang='lat' dir='ltr'><strong>genus</strong></span> <span class='ocrx_word' id='word_1_232' title='bbox 560 3118 615 3181; x_wconf 88' lang='lat' dir='ltr'><strong>per</strong></span> <span class='ocrx_word' id='word_1_233' title='bbox 628 3099 785 3165; x_wconf 89' lang='lat' dir='ltr'><strong>hominem</strong></span> <span class='ocrx_word' id='word_1_234' title='bbox 800 3100 916 3182; x_wconf 86' lang='lat' dir='ltr'><strong>pariter</strong></span> <span class='ocrx_word' id='word_1_235' title='bbox 933 3100 964 3164; x_wconf 91' lang='lat' dir='ltr'><strong>et</strong></span> <span class='ocrx_word' id='word_1_236' title='bbox 981 3099 1074 3164; x_wconf 91' lang='lat' dir='ltr'><strong>deum</strong></span> <span class='ocrx_word' id='word_1_237' title='bbox 1092 3100 1222 3182; x_wconf 87' lang='lat' dir='ltr'><strong>aequata</strong></span> <span class='ocrx_word' id='word_1_238' title='bbox 1233 3099 1390 3164; x_wconf 89' lang='lat' dir='ltr'><strong>societatis</strong></span> 
     </span>
    </p>

    <p class='ocr_par' dir='ltr' id='par_1_22' title="bbox 266 3201 1390 3283">
     <span class='ocr_line' id='line_1_28' title="bbox 266 3201 1390 3283; baseline 0.001 -17"><span class='ocrx_word' id='word_1_239' title='bbox 266 3202 477 3283; x_wconf 81' lang='lat' dir='ltr'><strong>conparatione</strong></span> <span class='ocrx_word' id='word_1_240' title='bbox 488 3202 684 3268; x_wconf 89' lang='lat' dir='ltr'><strong>coniunctum</strong></span> <span class='ocrx_word' id='word_1_241' title='bbox 695 3202 734 3267; x_wconf 90' lang='lat' dir='ltr'><strong>ad</strong></span> <span class='ocrx_word' id='word_1_242' title='bbox 748 3201 983 3267; x_wconf 89' lang='lat' dir='ltr'><strong>inmortalitatis</strong></span> <span class='ocrx_word' id='word_1_243' title='bbox 998 3202 1164 3283; x_wconf 91' lang='lat' dir='ltr'><strong>imperium</strong></span> <span class='ocrx_word' id='word_1_244' title='bbox 1179 3202 1390 3267; x_wconf 89' lang='lat' dir='ltr'><strong>oboedientiae</strong></span> 
     </span>
    </p>

    <p class='ocr_par' dir='ltr' id='par_1_23' title="bbox 264 3304 1390 3388">
     <span class='ocr_line' id='line_1_29' title="bbox 264 3304 1390 3388; baseline 0 -19"><span class='ocrx_word' id='word_1_245' title='bbox 264 3305 374 3369; x_wconf 91' lang='lat' dir='ltr'><strong>merito</strong></span> <span class='ocrx_word' id='word_1_246' title='bbox 389 3304 570 3386; x_wconf 89' lang='lat' dir='ltr'><strong>perueniret.</strong></span> <span class='ocrx_word' id='word_1_247' title='bbox 594 3306 666 3388; x_wconf 89' lang='lat' dir='ltr'><strong>quia</strong></span> <span class='ocrx_word' id='word_1_248' title='bbox 681 3305 801 3388; x_wconf 81' lang='lat' dir='ltr'><strong>itaque,</strong></span> <span class='ocrx_word' id='word_1_249' title='bbox 817 3304 1019 3370; x_wconf 85' lang='lat' dir='ltr'><strong>sacratissimi</strong></span> <span class='ocrx_word' id='word_1_250' title='bbox 1034 3306 1242 3387; x_wconf 84' lang='lat' dir='ltr'><strong>imperatores,</strong></span> <span class='ocrx_word' id='word_1_251' title='bbox 1259 3304 1390 3371; x_wconf 90' lang='lat' dir='ltr'><strong>curiosis</strong></span> 
     </span>
    </p>

    <p class='ocr_par' dir='ltr' id='par_1_24' title="bbox 154 3407 1429 3595">
     <span class='ocr_line' id='line_1_30' title="bbox 154 3407 1389 3492; baseline 0.002 -23"><span class='ocrx_word' id='word_1_252' title='bbox 154 3428 200 3473; x_wconf 81' lang='lat' dir='ltr'><strong>re.</strong></span> <span class='ocrx_word' id='word_1_253' title='bbox 208 3429 255 3475; x_wconf 80' lang='lat' dir='ltr'><strong>ee.</strong></span> <span class='ocrx_word' id='word_1_254' title='bbox 265 3408 391 3473; x_wconf 90' lang='lat' dir='ltr'><strong>auribus</strong></span> <span class='ocrx_word' id='word_1_255' title='bbox 417 3407 639 3487; x_wconf 82' lang='lat' dir='ltr'><strong>satisfecimus,</strong></span> <span class='ocrx_word' id='word_1_256' title='bbox 661 3408 781 3490; x_wconf 91' lang='lat' dir='ltr'><strong>reliqua</strong></span> <span class='ocrx_word' id='word_1_257' title='bbox 805 3426 1034 3490; x_wconf 84' lang='lat' dir='ltr'><strong>persequemur,</strong></span> <span class='ocrx_word' id='word_1_258' title='bbox 1054 3409 1059 3492; x_wconf 90' lang='grc'>1</span> <span class='ocrx_word' id='word_1_259' title='bbox 1079 3409 1114 3473; x_wconf 90' lang='lat' dir='ltr'><strong>ut</strong></span> <span class='ocrx_word' id='word_1_260' title='bbox 1129 3410 1180 3473; x_wconf 91' lang='lat' dir='ltr'><strong>uel</strong></span> <span class='ocrx_word' id='word_1_261' title='bbox 1194 3408 1238 3473; x_wconf 87' lang='lat' dir='ltr'><strong>sie</strong></span> <span class='ocrx_word' id='word_1_262' title='bbox 1252 3408 1389 3490; x_wconf 91' lang='lat' dir='ltr'><strong>polluta-</strong></span> 
     </span>
     <span class='ocr_line' id='line_1_31' title="bbox 264 3510 1429 3595; baseline -0.006 -19"><span class='ocrx_word' id='word_1_263' title='bbox 264 3530 334 3576; x_wconf 91' lang='lat' dir='ltr'><strong>rurn</strong></span> <span class='ocrx_word' id='word_1_264' title='bbox 349 3510 471 3576; x_wconf 88' lang='lat' dir='ltr'><strong>aurium</strong></span> <span class='ocrx_word' id='word_1_265' title='bbox 486 3511 589 3576; x_wconf 89' lang='lat' dir='ltr'><strong>sordes</strong></span> <span class='ocrx_word' id='word_1_266' title='bbox 604 3511 768 3592; x_wconf 88' lang='lat' dir='ltr'><strong>purificans</strong></span> <span class='ocrx_word' id='word_1_267' title='bbox 782 3512 880 3594; x_wconf 89' lang='lat' dir='ltr'><strong>possit</strong></span> <span class='ocrx_word' id='word_1_268' title='bbox 895 3528 993 3575; x_wconf 90' lang='lat' dir='ltr'><strong>sermo</strong></span> <span class='ocrx_word' id='word_1_269' title='bbox 1009 3530 1149 3595; x_wconf 87' lang='lat' dir='ltr'><strong>purgare.</strong></span> <span class='ocrx_word' id='word_1_270' title='bbox 1398 3530 1429 3569; x_wconf 80' lang='lat' dir='ltr'><strong>ao</strong></span> 
     </span>
    </p>

    <p class='ocr_par' dir='ltr' id='par_1_25' title="bbox 213 3612 1389 3698">
     <span class='ocr_line' id='line_1_32' title="bbox 213 3612 1389 3698; baseline -0.004 -14"><span class='ocrx_word' id='word_1_271' title='bbox 213 3618 253 3683; x_wconf 73' lang='lat' dir='ltr'><strong>tt</strong></span> <span class='ocrx_word' id='word_1_272' title='bbox 306 3612 451 3695; x_wconf 85' lang='lat' dir='ltr'><strong>Sequitur</strong></span> <span class='ocrx_word' id='word_1_273' title='bbox 465 3613 565 3678; x_wconf 91' lang='lat' dir='ltr'><strong>adhuc</strong></span> <span class='ocrx_word' id='word_1_274' title='bbox 579 3614 664 3678; x_wconf 91' lang='lat' dir='ltr'><strong>aliud</strong></span> <span class='ocrx_word' id='word_1_275' title='bbox 680 3614 871 3697; x_wconf 84' lang='lat' dir='ltr'><strong>symbolum,</strong></span> <span class='ocrx_word' id='word_1_276' title='bbox 895 3613 976 3696; x_wconf 91' lang='lat' dir='ltr'><strong>quod</strong></span> <span class='ocrx_word' id='word_1_277' title='bbox 996 3634 1051 3698; x_wconf 93' lang='lat' dir='ltr'><strong>pro</strong></span> <span class='ocrx_word' id='word_1_278' title='bbox 1071 3632 1182 3698; x_wconf 84' lang='lat' dir='ltr'><strong>magno</strong></span> <span class='ocrx_word' id='word_1_279' title='bbox 1204 3615 1389 3679; x_wconf 89' lang='lat' dir='ltr'><strong>miserorum</strong></span> 
     </span>
    </p>

    <p class='ocr_par' dir='ltr' id='par_1_26' title="bbox 261 3709 1387 3803">
     <span class='ocr_line' id='line_1_33' title="bbox 261 3709 1387 3803; baseline 0 -22"><span class='ocrx_word' id='word_1_280' title='bbox 261 3716 422 3781; x_wconf 84' lang='lat' dir='ltr'><strong>homiuum</strong></span> <span class='ocrx_word' id='word_1_281' title='bbox 446 3716 578 3781; x_wconf 82' lang='lat' dir='ltr'><strong>credulis</strong></span> <span class='ocrx_word' id='word_1_282' title='bbox 593 3716 718 3781; x_wconf 83' lang='lat' dir='ltr'><strong>auribus</strong></span> <span class='ocrx_word' id='word_1_283' title='bbox 733 3716 886 3782; x_wconf 84' lang='lat' dir='ltr'><strong>traditur:</strong></span> <span class='ocrx_word' id='word_1_284' title='bbox 909 3717 1025 3803; x_wconf 78' lang='grc' dir='ltr'><strong><em>ταῦρος</em></strong></span> <span class='ocrx_word' id='word_1_285' title='bbox 1044 3709 1217 3803; x_wconf 79' lang='grc' dir='ltr'><strong><em>δράκοντος</em></strong></span> <span class='ocrx_word' id='word_1_286' title='bbox 1236 3716 1289 3786; x_wconf 85' lang='grc' dir='ltr'><strong>καὶ</strong></span> <span class='ocrx_word' id='word_1_287' title='bbox 1309 3709 1387 3782; x_wconf 78' lang='grc' dir='ltr'><strong>ταῦ-</strong></span> 
     </span>
    </p>
   </div>
   <div class='ocr_carea' id='block_1_4' title="bbox 254 3902 1436 4407">
    <p class='ocr_par' dir='ltr' id='par_1_27' title="bbox 254 3902 1436 4407">
     <span class='ocr_line' id='line_1_34' title="bbox 314 3902 1389 3974; baseline 0 -15"><span class='ocrx_word' id='word_1_288' title='bbox 314 3903 332 3959; x_wconf 88' lang='grc'>2</span> <span class='ocrx_word' id='word_1_289' title='bbox 351 3902 445 3957; x_wconf 81' lang='lat' dir='ltr'><strong>adfixit</strong></span> <span class='ocrx_word' id='word_1_290' title='bbox 452 3904 631 3971; x_wconf 66' lang='lat' dir='ltr'><strong>probabiliter</strong></span> <span class='ocrx_word' id='word_1_291' title='bbox 646 3904 811 3972; x_wconf 73' lang='lat' dir='ltr'><strong>Wakefield,</strong></span> <span class='ocrx_word' id='word_1_292' title='bbox 830 3906 866 3972; x_wconf 80' lang='lat' dir='ltr'><strong>of.</strong></span> <span class='ocrx_word' id='word_1_293' title='bbox 880 3909 907 3969; x_wconf 86' lang='grc'><strong>8,</strong></span> <span class='ocrx_word' id='word_1_294' title='bbox 920 3908 938 3959; x_wconf 87' lang='lat'><strong><em>5</em></strong></span> <span class='ocrx_word' id='word_1_295' title='bbox 949 3905 1053 3973; x_wconf 86' lang='lat' dir='ltr'><strong>laqueis</strong></span> <span class='ocrx_word' id='word_1_296' title='bbox 1065 3904 1205 3974; x_wconf 88' lang='lat' dir='ltr'><strong>implicata</strong></span> <span class='ocrx_word' id='word_1_297' title='bbox 1268 3905 1286 3962; x_wconf 88' lang='lat'>3</span> <span class='ocrx_word' id='word_1_298' title='bbox 1304 3906 1389 3959; x_wconf 88' lang='lat' dir='ltr'><strong>refor-</strong></span> 
     </span>
     <span class='ocr_line' id='line_1_35' title="bbox 262 3990 1388 4060; baseline 0.003 -18"><span class='ocrx_word' id='word_1_299' title='bbox 262 3990 370 4044; x_wconf 90' lang='lat' dir='ltr'><strong>mariP</strong></span> <span class='ocrx_word' id='word_1_300' title='bbox 427 3990 917 4060; x_wconf 78' lang='lat' dir='ltr'><strong>decrepitP1.m.reeepith.2</strong></span> <span class='ocrx_word' id='word_1_301' title='bbox 969 3990 1197 4048; x_wconf 75' lang='lat' dir='ltr'><strong>Sobediuitedd.</strong></span> <span class='ocrx_word' id='word_1_302' title='bbox 1253 3992 1288 4049; x_wconf 89' lang='lat'><strong>11</strong></span> <span class='ocrx_word' id='word_1_303' title='bbox 1308 3991 1388 4046; x_wconf 90' lang='lat' dir='ltr'><strong>ebdo-</strong></span> 
     </span>
     <span class='ocr_line' id='line_1_36' title="bbox 262 4074 1352 4145; baseline 0.003 -17"><span class='ocrx_word' id='word_1_304' title='bbox 262 4074 338 4142; x_wconf 80' lang='lat' dir='ltr'><strong>made</strong></span> <span class='ocrx_word' id='word_1_305' title='bbox 351 4075 379 4128; x_wconf 93' lang='lat' dir='ltr'><strong><em>P</em></strong></span> <span class='ocrx_word' id='word_1_306' title='bbox 430 4074 470 4131; x_wconf 85' lang='grc'><strong>20</strong></span> <span class='ocrx_word' id='word_1_307' title='bbox 487 4074 634 4129; x_wconf 85' lang='lat' dir='ltr'><strong>addictisa</strong></span> <span class='ocrx_word' id='word_1_308' title='bbox 687 4076 723 4132; x_wconf 83' lang='lat'><strong>21</strong></span> <span class='ocrx_word' id='word_1_309' title='bbox 744 4076 857 4129; x_wconf 78' lang='lat' dir='ltr'><strong>erituP</strong></span> <span class='ocrx_word' id='word_1_310' title='bbox 910 4077 949 4133; x_wconf 90' lang='grc'><strong>24</strong></span> <span class='ocrx_word' id='word_1_311' title='bbox 967 4076 1084 4145; x_wconf 88' lang='lat' dir='ltr'><strong>concipit</strong></span> <span class='ocrx_word' id='word_1_312' title='bbox 1096 4077 1150 4144; x_wconf 86' lang='lat' dir='ltr'><strong>Po,</strong></span> <span class='ocrx_word' id='word_1_313' title='bbox 1164 4092 1211 4131; x_wconf 84' lang='lat' dir='ltr'><strong>em.</strong></span> <span class='ocrx_word' id='word_1_314' title='bbox 1224 4075 1352 4131; x_wconf 71' lang='lat' dir='ltr'><strong>Bersabee</strong></span> 
     </span>
     <span class='ocr_line' id='line_1_37' title="bbox 254 4160 1387 4227; baseline -0.003 -10"><span class='ocrx_word' id='word_1_315' title='bbox 254 4160 300 4219; x_wconf 71' lang='lat'><strong>=25</strong></span> <span class='ocrx_word' id='word_1_316' title='bbox 319 4163 350 4218; x_wconf 85' lang='lat' dir='ltr'><strong>ut</strong></span> <span class='ocrx_word' id='word_1_317' title='bbox 362 4176 410 4215; x_wconf 83' lang='lat' dir='ltr'><strong>om.</strong></span> <span class='ocrx_word' id='word_1_318' title='bbox 424 4178 454 4225; x_wconf 85' lang='lat' dir='ltr'><strong>e,</strong></span> <span class='ocrx_word' id='word_1_319' title='bbox 472 4162 500 4215; x_wconf 91' lang='lat' dir='ltr'><strong>et</strong></span> <span class='ocrx_word' id='word_1_320' title='bbox 512 4161 550 4215; x_wconf 88' lang='lat' dir='ltr'><strong>eie</strong></span> <span class='ocrx_word' id='word_1_321' title='bbox 561 4161 700 4215; x_wconf 84' lang='lat' dir='ltr'><strong>Woaceros</strong></span> <span class='ocrx_word' id='word_1_322' title='bbox 751 4161 790 4218; x_wconf 83' lang='grc'><strong>29</strong></span> <span class='ocrx_word' id='word_1_323' title='bbox 808 4164 840 4215; x_wconf 87' lang='lat' dir='ltr'><strong>ut</strong></span> <span class='ocrx_word' id='word_1_324' title='bbox 851 4162 895 4215; x_wconf 91' lang='lat' dir='ltr'><strong>nel</strong></span> <span class='ocrx_word' id='word_1_325' title='bbox 907 4179 937 4215; x_wconf 86' lang='lat' dir='ltr'><strong>a:</strong></span> <span class='ocrx_word' id='word_1_326' title='bbox 946 4162 987 4215; x_wconf 89' lang='lat' dir='ltr'><strong>Ne</strong></span> <span class='ocrx_word' id='word_1_327' title='bbox 999 4162 1044 4215; x_wconf 87' lang='lat' dir='ltr'><strong>nel</strong></span> <span class='ocrx_word' id='word_1_328' title='bbox 1051 4162 1083 4227; x_wconf 92' lang='lat' dir='ltr'><strong>P,</strong></span> <span class='ocrx_word' id='word_1_329' title='bbox 1097 4177 1165 4215; x_wconf 88' lang='lat' dir='ltr'><strong>anne</strong></span> <span class='ocrx_word' id='word_1_330' title='bbox 1173 4161 1218 4215; x_wconf 85' lang='lat' dir='ltr'><strong>uel</strong></span> <span class='ocrx_word' id='word_1_331' title='bbox 1227 4162 1296 4215; x_wconf 80' lang='lat' dir='ltr'><strong>coci.</strong></span> <span class='ocrx_word' id='word_1_332' title='bbox 1307 4162 1387 4215; x_wconf 81' lang='lat' dir='ltr'><strong>Bar·</strong></span> 
     </span>
     <span class='ocr_line' id='line_1_38' title="bbox 261 4247 1387 4317; baseline 0.002 -18"><span class='ocrx_word' id='word_1_333' title='bbox 261 4247 337 4311; x_wconf 64' lang='lat' dir='ltr'><strong>aaa,</strong></span> <span class='ocrx_word' id='word_1_334' title='bbox 364 4248 423 4314; x_wconf 80' lang='lat' dir='ltr'><strong>ipsc</strong></span> <span class='ocrx_word' id='word_1_335' title='bbox 442 4248 535 4301; x_wconf 78' lang='lat' dir='ltr'><strong>saalim</strong></span> <span class='ocrx_word' id='word_1_336' title='bbox 556 4250 587 4301; x_wconf 89' lang='lat' dir='ltr'><strong>ut</strong></span> <span class='ocrx_word' id='word_1_337' title='bbox 606 4247 676 4316; x_wconf 77' lang='lat' dir='ltr'><strong>(siae</strong></span> <span class='ocrx_word' id='word_1_338' title='bbox 697 4247 766 4317; x_wconf 76' lang='lat' dir='ltr'><strong>uel);</strong></span> <span class='ocrx_word' id='word_1_339' title='bbox 793 4264 860 4301; x_wconf 79' lang='lat' dir='ltr'><strong>aare</strong></span> <span class='ocrx_word' id='word_1_340' title='bbox 870 4247 983 4301; x_wconf 79' lang='lat' dir='ltr'><strong>uidetur</strong></span> <span class='ocrx_word' id='word_1_341' title='bbox 995 4248 1027 4301; x_wconf 83' lang='lat' dir='ltr'><strong>ia</strong></span> <span class='ocrx_word' id='word_1_342' title='bbox 1039 4247 1096 4301; x_wconf 84' lang='lat' dir='ltr'><strong>eod.</strong></span> <span class='ocrx_word' id='word_1_343' title='bbox 1109 4248 1212 4301; x_wconf 74' lang='lat' dir='ltr'><strong>uitiata</strong></span> <span class='ocrx_word' id='word_1_344' title='bbox 1224 4247 1303 4300; x_wconf 79' lang='lat' dir='ltr'><strong>lectio</strong></span> <span class='ocrx_word' id='word_1_345' title='bbox 1314 4264 1347 4301; x_wconf 90' lang='lat' dir='ltr'><strong>ne</strong></span> <span class='ocrx_word' id='word_1_346' title='bbox 1359 4254 1387 4301; x_wconf 84' lang='lat' dir='ltr'><strong>et</strong></span> 
     </span>
     <span class='ocr_line' id='line_1_39' title="bbox 261 4328 1436 4407; baseline 0.002 -25"><span class='ocrx_word' id='word_1_347' title='bbox 261 4345 330 4383; x_wconf 83' lang='lat' dir='ltr'><strong>cera</strong></span> <span class='ocrx_word' id='word_1_348' title='bbox 341 4333 380 4395; x_wconf 89' lang='lat' dir='ltr'><strong>ut,</strong></span> <span class='ocrx_word' id='word_1_349' title='bbox 393 4347 463 4398; x_wconf 83' lang='lat' dir='ltr'><strong>quoe</strong></span> <span class='ocrx_word' id='word_1_350' title='bbox 475 4346 531 4386; x_wconf 80' lang='lat' dir='ltr'><strong>coer</strong></span> <span class='ocrx_word' id='word_1_351' title='bbox 543 4333 620 4387; x_wconf 79' lang='lat' dir='ltr'><strong>toties</strong></span> <span class='ocrx_word' id='word_1_352' title='bbox 628 4333 660 4386; x_wconf 80' lang='lat' dir='ltr'><strong>e&#39;o</strong></span> <span class='ocrx_word' id='word_1_353' title='bbox 671 4333 716 4386; x_wconf 88' lang='lat' dir='ltr'><strong>nel</strong></span> <span class='ocrx_word' id='word_1_354' title='bbox 727 4333 780 4403; x_wconf 82' lang='lat' dir='ltr'><strong>(ut)</strong></span> <span class='ocrx_word' id='word_1_355' title='bbox 792 4334 872 4398; x_wconf 78' lang='lat' dir='ltr'><strong>abiit,</strong></span> <span class='ocrx_word' id='word_1_356' title='bbox 885 4334 917 4387; x_wconf 82' lang='lat' dir='ltr'><strong>ia</strong></span> <span class='ocrx_word' id='word_1_357' title='bbox 926 4350 1014 4387; x_wconf 82' lang='lat' dir='ltr'><strong>ceam</strong></span> <span class='ocrx_word' id='word_1_358' title='bbox 1023 4334 1172 4387; x_wconf 75' lang='lat' dir='ltr'><strong>coniuncte</strong></span> <span class='ocrx_word' id='word_1_359' title='bbox 1224 4331 1261 4389; x_wconf 88' lang='grc'><strong>32</strong></span> <span class='ocrx_word' id='word_1_360' title='bbox 1275 4328 1393 4407; x_wconf 65' lang='grc' dir='ltr'><em>δράκων</em></span> <span class='ocrx_word' id='word_1_361' title='bbox 1432 4334 1436 4341; x_wconf 74' lang='grc'><strong>“</strong></span> 
     </span>
    </p>
   </div>
   <div class='ocr_carea' id='block_1_5' title="bbox 0 0 1530 4984">
    <p class='ocr_par' dir='ltr' id='par_1_28' title="bbox 0 0 1530 4984">
     <span class='ocr_line' id='line_1_40' title="bbox 0 0 1530 4984; baseline 0 2"><span class='ocrx_word' id='word_1_362' title='bbox 0 0 1530 4984; x_wconf 95' lang='lat' dir='ltr'><strong> </strong></span> 
     </span>
    </p>
   </div>
  </div>
 </body>
</html>
