3050 4984
342 373 397 424 ΧΠ

344 540 401 619 est,
425 553 487 601 uec
510 524 699 616 aestimari,
726 547 831 596 seusu
853 520 968 595 maier
991 525 1056 616 est)
1080 522 1280 622 supplenda
1302 549 1380 597 esse
1401 526 1466 597 du-

343 650 430 721 dum
454 646 667 721 Oanterus
685 654 722 717 et
739 642 929 716 Vrsinus
952 654 1227 741 perspexerunt,
1252 671 1465 743 quamquam

342 765 582 843 recentissimi
604 764 761 838 editores
783 762 953 861 locupleti
968 761 1140 861 Cypriani
1161 763 1370 837 testimonio
1393 792 1465 838 non

342 890 455 987 magis
480 912 587 985 quam
610 910 696 959 sano
720 882 930 957 criticorum
966 882 1100 956 iudicio
1136 882 1246 957 fidem
1270 884 1464 958 habebant:

340 1008 430 1082 illud
442 1018 563 1081 tamen
578 1004 816 1078 dubitandum
833 1002 993 1094 uidetur,
1020 1015 1164 1077 rectene
1185 1003 1286 1077 locus
1309 1005 1361 1078 sic
1384 1031 1465 1105 sup-

340 1129 458 1230 pletus
481 1127 543 1201 sit:
566 1151 628 1199 uec
657 1124 850 1221 conprendi
867 1134 997 1219 potest,
1027 1135 1122 1197 tuctu
1138 1124 1268 1221 purior
1291 1137 1359 1216 est,
1386 1150 1465 1199 cum

341 1247 514 1323 orationis
538 1245 759 1321 concinnitas
782 1243 851 1317 hoc
882 1244 1004 1342 potius
1027 1244 1190 1342 flagitare
1214 1244 1390 1336 uideatur,
1428 1258 1465 1319 ut

340 1368 493 1460 uerbum
511 1379 645 1466 potest,
673 1394 745 1465 quo
769 1376 866 1441 caret
883 1365 1096 1465 Cyprianus,
1125 1366 1327 1439 adiectione
1345 1392 1464 1441 neces-

340 1490 433 1565 saria
454 1499 598 1588 recepta
629 1487 803 1576 deleatur,
830 1486 907 1559 siue
929 1485 1018 1558 illud
1040 1511 1088 1558 ex
1105 1486 1235 1583 purior
1257 1498 1307 1560 est
1327 1500 1464 1560 utcum-

340 1636 411 1711 que
433 1610 669 1709 deprauatum
692 1607 770 1681 siue
792 1633 839 1680 ex
862 1631 963 1679 mera
984 1606 1262 1705 interpolatione
1284 1607 1462 1680 adiectum

339 1742 405 1805 est.
419 1729 527 1801 -In
550 1727 710 1802 eiusdem
733 1726 860 1826 capitis
883 1730 903 1820 ᾧ
930 1730 954 1799 4
990 1751 1097 1824 aegre
1120 1727 1244 1800 credas
1267 1727 1462 1801 Minucium

339 1851 543 1950 scripsisse:
567 1848 619 1921 ito
641 1849 679 1921 iu
701 1847 768 1919 leuc
788 1846 916 1920 muudi
937 1846 1039 1919 deme
1063 1870 1141 1919 rum
1165 1846 1300 1920 eoelum
1324 1860 1462 1920 terram·

339 1996 406 2072 que
424 1969 624 2068 perspicias
655 1966 944 2064 prouidentiam,
986 1966 1161 2056 ordinem,
1186 1965 1317 2064 leqem,
1367 1969 1463 2041 crede

338 2117 410 2167 esse
431 2090 674 2165 uniuersitatis
697 2088 879 2161 domiuum
902 2098 968 2161 etc.
1006 2113 1088 2160 nam
1110 2113 1176 2161 nec
1198 2088 1341 2187 placent
1363 2114 1461 2162 accu-

339 2210 447 2286 satiui
468 2209 730 2306 prouidentiam
754 2207 912 2281 ordinem
949 2205 1057 2305 lepem
1092 2208 1136 2279 ad
1172 2208 1276 2307 plane
1300 2208 1461 2281 diuersos

338 2331 475 2408 eaelum
499 2342 694 2428 terramque
716 2326 856 2417 adiecti,
880 2352 946 2401 nec
968 2326 1102 2400 locutio
1126 2326 1203 2425 ipsa
1226 2353 1306 2401 eum
1330 2329 1462 2402 coelum

338 2466 533 2549 eurumque
563 2450 782 2546 perspicius,
825 2446 998 2545 quoniam
1036 2446 1187 2521 uerbum
1223 2448 1460 2549 perspiciendi

336 2571 408 2646 tale
431 2581 496 2659 est,
521 2570 619 2668 quod
638 2570 682 2641 de
700 2594 740 2641 re
758 2567 825 2641 sub
849 2592 976 2641 sensus
995 2569 1144 2641 cadente
1163 2596 1235 2642 non
1257 2582 1460 2670 usurpatur.

337 2691 490 2764 nimium
512 2701 633 2763 tamen
657 2690 888 2762 temerarium
913 2690 1057 2762 uidetur
1082 2688 1191 2762 uerba
1227 2691 1365 2764 caelum
1401 2703 1460 2763 ter·

337 2835 483 2909 rumque
519 2835 601 2883 cum
641 2808 869 2882 Lindnero
912 2820 952 2882 ut
994 2809 1173 2907 glossema
1208 2811 1458 2898 exterminare,

337 2955 556 3029 quamquam
579 2928 666 3001 illud
690 2928 838 3027 quidem
860 2940 957 3001 recte
984 2928 1163 3003 intellexit
1201 2930 1354 3004 uerbum
1383 2954 1459 3027 per·

335 3049 471 3149 spicios
493 3050 538 3121 ad
551 3048 647 3122 solos
661 3047 885 3122 accusatiuos
898 3047 1163 3144 prouidentiam
1181 3050 1341 3123 ordinem
1356 3049 1457 3148 lepem

334 3171 527 3271 pertinere.
551 3168 783 3243 uerisimilius
806 3180 876 3256 est,
914 3167 952 3240 id
975 3170 1072 3267 quod
1096 3168 1275 3243 Vahlenio
1304 3170 1341 3242 in
1364 3194 1457 3241 men·

334 3302 409 3366 tem
447 3292 562 3382 uenit,
590 3290 821 3390 participium
853 3287 1008 3363 lustrans
1035 3290 1092 3364 uel
1124 3290 1346 3387 perlustrans
1380 3298 1458 3389 post

335 3424 530 3510 terramque
552 3411 788 3500 intercidisse,
812 3434 922 3507 quare
935 3409 1084 3483 lacunae
1098 3410 1244 3508 signum
1257 3412 1456 3510 posuimus;

334 3532 377 3606 cf.
402 3557 429 3605 c.
457 3536 515 3621 17,
540 3535 563 3604 4
592 3529 811 3605 cumoculos
850 3531 889 3603 iu
916 3529 1053 3604 coelum
1087 3531 1271 3605 sustuleris
1307 3544 1339 3604 et
1371 3552 1457 3629 quae

332 3665 415 3727 suut
449 3652 548 3749 iufra
584 3652 749 3751 circaque
781 3650 997 3727 lustroueris.
1024 3648 1107 3724 Non
1130 3650 1250 3724 minus
1277 3648 1456 3751 probabile

332 3772 496 3861 uidetur,
537 3772 636 3869 quod
666 3772 764 3845 idem
804 3774 956 3863 monuit,
985 3797 1014 3846 o.
1044 3774 1103 3863 13,
1128 3775 1149 3845 3
1177 3771 1216 3844 in
1242 3770 1312 3844 illis
1341 3768 1454 3845 uerbis

331 3886 408 3965 ‘loc
425 3891 528 3988 seule
556 3891 702 3988 defleuit
717 3888 902 3966 Arcesilae
924 3905 956 3967 et
976 3891 1086 3967 multo
1103 3904 1187 3989 post
1214 3888 1407 3967 Carneadis
1428 3898 1456 3961 et

331 4011 626 4088 Academicorum
638 4011 877 4109 plurimorum
896 4014 934 4086 iu
947 4015 1095 4087 summis
1108 4013 1371 4112 quaestiouibus
1385 4020 1455 4083 tuta

332 4119 517 4205 dubitatio'
540 4158 672 4205 nomen
701 4129 873 4231 Pyrrour’s
906 4132 1113 4222 desiderari,
1142 4148 1182 4207 ut
1208 4159 1258 4207 ex
1285 4154 1453 4231 responso

331 4248 475 4323 Octauii
489 4278 522 4351 p.
539 4255 599 4344 54,
618 4256 676 4345 16,
703 4279 777 4350 quo
803 4252 883 4327 loco
910 4253 998 4326 haec
1024 4253 1101 4352 ipsa
1129 4253 1238 4328 uerba
1263 4251 1452 4354 respiciun-
