3050 4984
305 337 368 401 112
717 335 866 406 Sulpicii
884 338 1000 393 Seueri

303 490 413 575 primis
441 490 505 556 fere
533 492 621 557 aunis
649 492 788 559 diuinam
817 495 920 577 potius
955 494 1138 559 seruitutem
1173 510 1259 557 sacra
1293 488 1450 555 inlustris

273 594 390 677 apocri
404 594 537 677 spirauit
550 593 692 661 infantia
722 616 795 662 nam
818 617 890 663 cum
913 582 993 662 esset
1008 614 1157 662 annornm
1171 595 1291 671 decem,
1320 593 1445 657 inuitis

301 698 482 780 parentibus
496 698 536 762 ad
550 698 712 763 ecclesiam
722 699 863 783 confugit
874 719 966 782 seque
979 698 1234 765 catechumenum
1244 696 1310 761 fieri
1323 696 1446 778 postu-

271 799 390 864 4lauit.
420 818 492 864 mox
505 801 621 865 mirum
641 802 675 867 in
688 802 816 867 modum
830 805 915 867 totus
930 804 963 867 in
977 803 1036 868 Dei
1051 820 1140 885 opere
1155 818 1333 875 muuersus,
1358 817 1442 863 cum

300 904 382 967 esset
396 921 545 968 annorum
558 904 735 982 duodecim,
767 924 905 971 eremum
925 905 1116 987 concupiuit,
1146 902 1328 984 fecissetque
1348 901 1442 965 uotis
1481 921 1501 960 s

300 1006 392 1083 satis,
421 1007 450 1071 si
476 1007 589 1071 aetatis
608 1007 774 1073 infirmitas
794 1026 855 1073 non
883 1008 1063 1073 obstitisset.
1095 1007 1216 1073 animus
1242 1007 1347 1070 tamen
1374 1006 1440 1068 aut

301 1110 383 1173 circa
406 1112 593 1175 monasteria
622 1113 678 1176 aut
703 1111 786 1177 circa
811 1111 971 1177 ecclesiam
995 1129 1115 1193 semper
1136 1110 1273 1175 intentus
1294 1106 1438 1171 medita-

271 1212 394 1276 5batur
407 1212 508 1278 adhuc
521 1214 555 1277 in
569 1216 673 1280 aetate
686 1214 813 1297 puerili,
838 1215 919 1296 quod
934 1216 1041 1296 postea
1061 1214 1191 1278 deuotus
1211 1210 1352 1293 impleuit.
1375 1206 1437 1273 sed

300 1334 372 1379 cum
392 1315 529 1381 edictum
549 1319 630 1381 esset
652 1337 671 1381 a
692 1318 835 1401 regibus,
865 1319 902 1382 ut
922 1319 1137 1381 ueteranorum
1152 1314 1210 1379 filii
1225 1314 1264 1379 ad
1278 1312 1436 1377 militiam

299 1418 520 1497 scriberentur,
540 1421 687 1502 prodente
706 1422 810 1503 patre,
840 1421 893 1502 qui
914 1419 1055 1484 felicibus
1076 1419 1141 1482 eius
1167 1417 1288 1483 actibus
1308 1410 1437 1480 inuide-
1450 1436 1491 1477 ιο

299 1522 369 1598 bat,
400 1541 472 1587 cum
486 1525 566 1587 esset
581 1542 730 1587 annorum
745 1522 935 1604 quindecim,
965 1524 1074 1605 captus
1094 1523 1126 1586 et
1146 1522 1306 1585 catenatum
1326 1537 1435 1583 sacra-

299 1624 414 1688 mentis
427 1625 617 1689 militaribus
632 1624 799 1708 inplicatus
821 1628 883 1702 est,
913 1643 973 1689 uno
988 1626 1112 1691 tautum
1126 1642 1213 1688 seruo
1229 1622 1341 1689 comita
1355 1638 1434 1685 con-

298 1728 414 1805 tentus,
429 1728 481 1792 cui
494 1730 600 1793 tamen
613 1746 703 1792 uersa
716 1728 785 1792 uice
799 1729 941 1793 dominus
956 1728 1120 1804 semriebat,
1146 1727 1221 1791 adeo
1236 1728 1272 1789 ut
1290 1725 1434 1808 plerum-

300 1847 359 1910 que
381 1829 411 1892 ei
430 1831 463 1893 et
481 1830 683 1895 calciamenta
705 1831 772 1912 ipse
792 1830 966 1896 detraheret
980 1832 1012 1895 et
1026 1831 1092 1913 ipsc
1106 1830 1293 1912 detergeret,
1323 1828 1433 1892 cibum

272 1942 361 1997 euna
375 1934 532 2013 caperent,
547 1932 599 1997 bic
613 1934 720 1997 tamen
734 1934 856 2015 saepius
871 1934 1071 1998 ministraret.
1097 1932 1264 1997 triennium
1278 1929 1341 1994 fere
1356 1932 1433 1995 ante
1444 1949 1479 1989 15

299 2034 492 2116 baptismum
506 2035 539 2099 in
553 2036 647 2099 armis
660 2034 732 2112 fuit,
747 2036 868 2119 integer
882 2038 986 2101 tamen
1001 2036 1040 2100 ab
1055 2036 1094 2101 iis
1108 2035 1206 2112 uitiis,
1222 2034 1334 2115 quibus
1347 2032 1431 2099 illud

272 2135 460 2205 rhominum
480 2156 577 2221 genus
599 2138 743 2221 inplicari
762 2138 849 2204 solet.
879 2139 981 2204 multa
1000 2139 1085 2203 illius
1106 2138 1187 2203 circa
1202 2136 1430 2202 commilitones

298 2240 489 2323 benignitas,
519 2240 600 2305 mira
622 2242 750 2329 caritas,
781 2242 931 2325 patientia
951 2260 1023 2306 uero
1044 2242 1142 2322 adque
1160 2239 1323 2305 humilitas
1342 2238 1430 2305 ultra

297 2343 467 2407 humanum
480 2344 617 2408 modum.
632 2364 707 2409 nam
718 2344 932 2428 frugalitatem
944 2345 977 2408 in
989 2362 1023 2408 eo
1036 2344 1156 2409 laudari
1166 2361 1226 2407 non
1237 2345 1284 2407 est
1294 2361 1427 2420 necesse,

297 2465 358 2527 qua
372 2447 419 2511 ita
433 2465 507 2511 usus
522 2449 585 2523 est,
614 2448 730 2512 utiam
749 2448 805 2511 illo
820 2450 956 2530 tempore
970 2465 1030 2511 non
1050 2448 1155 2523 miles,
1185 2446 1239 2510 sed
1258 2446 1425 2511 monachus
1435 2466 1473 2509 ac

296 2551 467 2631 putaretur.
484 2569 539 2632 pro
554 2549 666 2631 quibus
679 2550 771 2614 rebus
786 2550 832 2614 ita
847 2550 906 2614 sibi
922 2568 1026 2615 omnes
1041 2549 1265 2615 commilitones
1280 2549 1425 2615 denime-

267 2653 356 2726 srat,
372 2654 408 2715 ut
418 2671 491 2716 eum
501 2652 579 2714 miro
590 2650 715 2716 adfectu
727 2654 953 2717 uenerarentur.
970 2653 1102 2718 necdum
1112 2655 1218 2717 tamen
1228 2654 1425 2735 regeneratus

295 2753 330 2815 in
343 2751 464 2817 chroco
479 2752 591 2835 egebat
606 2754 758 2834 quendam
779 2754 866 2819 bonis
886 2756 1028 2837 operibus
1046 2756 1194 2838 baptismi
1208 2754 1423 2820 candidatum:

296 2854 445 2919 adsistere
460 2855 579 2919 scilicet
592 2855 819 2935 laborantibus,
840 2875 929 2940 opem
945 2857 1024 2923 ferre
1038 2860 1172 2935 miseris,
1189 2859 1270 2924 alere
1289 2862 1423 2941 egentes,

296 2956 411 3021 uestire
424 2958 536 3054 nudos,
557 2958 637 3021 nihil
651 2959 711 3023 sibi
726 2978 762 3024 ex
776 2960 909 3026 militiae
924 2961 1085 3044 stipendiis
1100 2963 1220 3044 praeter
1234 2962 1423 3028 cotidianum
1432 2984 1464 3026 ss

296 3060 417 3124 uictum
431 3079 602 3125 reseruare:
634 3062 699 3126 iam
714 3065 784 3126 tum
799 3064 952 3147 euangelii
966 3083 1027 3129 nou
1041 3064 1151 3129 surdus
1166 3065 1289 3129 auditor
1302 3065 1341 3131 de
1355 3086 1422 3131 cra-

296 3163 378 3228 stino
392 3181 453 3227 non
470 3164 636 3247 cogitabat.

349 3350 365 3405 1
383 3349 476 3413 diuina
487 3366 512 3418 p.
526 3350 656 3404 seruitute
668 3351 712 3404 Fe
782 3351 800 3406 2
819 3351 964 3420 inspirauit
977 3351 1031 3423 ΓΟ
1043 3359 1069 3406 et
1081 3370 1150 3407 corr.
1166 3355 1191 3407 V
1210 3356 1222 3421 Η
1245 3356 1380 3411 duodecim
1396 3358 1424 3410 V

346 3435 365 3490 3
384 3435 596 3489 cathecuminum
612 3438 646 3502 V,
674 3436 887 3490 caticbumenum
913 3437 947 3507 Q,
975 3439 1164 3493 caticuminum
1183 3440 1243 3493 AF
1259 3447 1285 3494 et
1304 3443 1344 3495 sic
1362 3444 1421 3508 sere

294 3537 400 3589 semper
411 3523 444 3574 a'a
454 3523 503 3575 boc
515 3524 625 3575 nomiae
693 3522 714 3577 4
731 3539 796 3591 opus
808 3524 836 3577 A
905 3524 923 3582 5
941 3523 1077 3577 heremum
1094 3527 1153 3580 AF
1161 3534 1186 3580 et
1196 3529 1235 3581 sic
1246 3528 1307 3592 fiere
1317 3544 1420 3598 semper

346 3608 364 3663 6
381 3624 433 3661 uon
445 3608 542 3661 fuisset
553 3608 733 3677 inpedimento
749 3610 857 3663 Vsolae
874 3625 908 3661 ec
926 3611 999 3663 aota's
1020 3611 1032 3678 ΙΙ
1054 3613 1156 3681 tamen]
1177 3614 1234 3666 eius
1254 3614 1317 3668 add.
1340 3616 1424 3670 ia'F

292 3697 360 3747 Μ
382 3696 394 3760 ΙΙ
416 3696 506 3746 tumen
519 3694 616 3747 circae
670 3694 708 3751 10
725 3695 782 3748 eius
794 3711 843 3748 mn
861 3696 888 3748 V
937 3696 973 3751 ll
992 3698 1085 3767 captus
1097 3699 1200 3753 BMV:
1218 3704 1312 3769 raptus
1323 3700 1419 3770 AFQo

346 3780 384 3836 14
396 3780 575 3833 calceamenta
583 3780 643 3847 (om.
654 3780 722 3849 ipse)
731 3780 911 3834 detraheretur
965 3782 1255 3855 munerandae
1307 3787 1343 3843 16
1355 3786 1417 3856 bap-

256 3911 267 3927 ,
291 3865 404 3919 tismum
415 3865 516 3918 BMV:
534 3865 670 3934 baptisma
681 3866 754 3920 AFc
777 3868 788 3934 ΙΙ
811 3866 845 3919 ab
857 3866 900 3919 bis
912 3867 1026 3937 AFQV
1075 3870 1111 3926 17
1129 3871 1205 3925 illius
1216 3874 1282 3926 BV:
1295 3874 1339 3927 illi
1349 3874 1418 3931 AFv

346 3950 506 4006 laureari
523 3951 646 4003 ABFV:
664 3951 801 4005 laudares
864 3952 904 4007 20
921 3969 974 4020 qua
991 3954 1132 4009 Frasora
1144 3974 1178 4011 aa
1189 3960 1253 4026 quia
1316 3962 1352 4017 21
1370 3978 1416 4029 pro

297 4036 332 4088 V:
350 4052 399 4089 om.
412 4036 485 4089 AFc
501 4038 513 4103 u
530 4036 723 4089 commilitones
735 4053 795 4089 suos
807 4038 879 4091 AFo
931 4038 969 4094 23
987 4040 1100 4107 quedam
1118 4044 1150 4097 F
1152 4061 1197 4112 pr.
1210 4062 1243 4098 m.
1262 4048 1275 4113 ΙΙ
1290 4046 1416 4115 baptismi

212 4132 216 4139 ‘
296 4121 333 4173 V:
350 4122 523 4189 baptismatis
535 4122 609 4175 AFu
659 4122 699 4177 24
716 4123 788 4175 alere
800 4124 920 4191 egentes]
931 4140 1055 4193 eregenes
1072 4128 1098 4180 V
1158 4130 1196 4186 26
1213 4148 1348 4186 reseruare
1359 4134 1420 4187 MV

293 4207 370 4272 (item
381 4208 422 4273 F,
439 4206 487 4260 scd
499 4208 543 4260 bic
553 4223 583 4259 re
594 4209 627 4261 ia
637 4224 693 4261 rus.
706 4224 741 4261 ex
751 4224 890 4261 reseruuns
902 4216 934 4263 at
942 4210 1080 4279 uidetur):
1094 4217 1322 4288 reseruabatAQ,
1336 4236 1414 4273 reser-

291 4306 359 4343 uuns
370 4295 391 4344 2
402 4291 478 4345 codd.
497 4292 616 4347 Giccla'ai
