3050 4984
512 374 624 429 Chron.
643 375 680 438 ΙΙ,
699 376 799 433 9410.
1174 373 1215 439 65

76 546 234 611 regnasse
250 530 402 594 traditur:
423 550 610 613 quamquam
625 532 659 597 in
672 530 826 615 plerisque
846 528 1069 612 exemplaribus
1083 546 1132 592 xx
1148 529 1179 591 et
1193 544 1217 590 v

77 648 183 694 annos
198 631 324 711 imperii
339 632 406 696 eius
420 632 518 699 fuisse
532 635 664 717 repperi.
680 634 753 698 huie
769 632 914 697 successit
923 632 1115 709 Artaxerses,
1132 630 1217 694 euius

76 750 180 814 supra
194 733 404 799 meminimus.
433 736 483 800 hie
498 756 568 802 cum
583 737 715 801 inhiberi
730 736 971 801 aedificationem
985 734 1070 798 urbis
1085 733 1243 797 Iudaeaea

76 836 262 917 templique
284 836 440 915 iussisset,
470 857 650 921 suspensum
672 858 748 923 opus
770 857 865 921 usque
886 838 919 901 in
940 837 1106 901 seeundum
1128 834 1216 899 Darii

59 939 168 1021 arogis
192 960 309 1004 annum
328 942 481 1022 pependit.
515 944 568 1007 sed
582 946 619 1008 ut
633 963 729 1025 usque
743 944 783 1007 ad
798 962 868 1017 euru
882 944 1056 1023 temporum
1077 940 1150 1004 ordo
1165 957 1215 1003 eo·
1282 952 1286 963 ’

76 1061 184 1105 nexus
198 1042 259 1119 sit,
287 1042 466 1109 1111111111
480 1046 623 1129 regnauit
638 1046 725 1111 annis
745 1063 806 1110 uno
829 1047 860 1109 et
881 1062 943 1120 xn,
965 1042 1075 1107 Xerses
1097 1041 1215 1106 duobus

77 1144 257 1208 mensibus.
273 1148 403 1228 postque
417 1166 488 1212 eum
503 1146 673 1213 Sucdianus
688 1168 739 1213 vu
753 1147 909 1213 mensibus
923 1145 993 1209 luit.

121 1247 248 1311 Darius
274 1247 399 1326 deinde,
436 1249 493 1313 sub
525 1268 584 1332 quo
606 1250 759 1333 templum
781 1252 828 1315 est
856 1248 1051 1325 restitutum,
1088 1266 1216 1330 regnum
1228 1251 1267 1314 lo

79 1351 221 1431 adeptus
237 1352 295 1427 est,
311 1351 360 1415 eui
375 1350 477 1416 Ochus
491 1354 560 1417 tum
574 1371 685 1418 nornen
698 1355 773 1417 erat.
790 1352 841 1417 hic
856 1371 926 1416 cum
941 1369 976 1414 er
990 1350 1138 1414 Hebraeis
1154 1351 1216 1414 tres

51 1453 298 1517 roadolescentes
313 1455 468 1536 spectatae
482 1455 553 1519 fidei
570 1456 704 1538 corporis
726 1456 865 1520 custodes
887 1453 1013 1517 haberet
1027 1470 1165 1533 unusque
1181 1472 1217 1516 er

78 1555 129 1617 his
145 1555 337 1637 prudentiae
351 1556 532 1621 documento
554 1558 790 1623 admirationem
810 1556 891 1639 regis
906 1557 939 1619 in
953 1574 984 1620 se
1005 1554 1215 1632 conuertisset,

80 1658 192 1722 delata
208 1658 271 1721 sibi
285 1658 408 1740 optione
418 1660 551 1741 petendi,
563 1661 591 1723 si
606 1661 680 1742 quid
695 1660 798 1726 animo
810 1660 1004 1741 concepisset,
1013 1657 1215 1739 ingemiscens

82 1760 209 1841 patriae
233 1760 331 1823 ruinis
358 1761 476 1842 copiam
498 1762 707 1828 restituendae
728 1763 814 1826 urbis
841 1762 979 1845 poposcit
999 1760 1174 1841 meruitque
1198 1778 1217 1823 a

82 1883 169 1946 rege,
181 1865 220 1926 ut
236 1862 410 1946 subregulis
424 1883 460 1927 nc
470 1866 662 1945 praesidibus
674 1865 849 1948 imperaret,
862 1864 1103 1929 aedificationem
1114 1881 1216 1928 sacrae

55 1967 174 2030 saedis
189 1966 341 2049 praebitis
355 1967 521 2048 impendiis
546 1970 746 2033 maturarent.
775 1969 821 2033 ita
842 1969 995 2050 templum
1020 1965 1245 2049 quadriennior

84 2070 355 2145 consummatum,
378 2071 462 2133 serto
484 2072 554 2153 post
576 2089 653 2135 anne
675 2091 768 2153 quarn
787 2071 901 2135 Darius
921 2090 1047 2153 regnare
1068 2071 1217 2152 coeperat,

84 2172 182 2253 idque
204 2172 330 2236 Iudaeis
356 2173 433 2236 satis
458 2173 577 2237 uisum:
604 2176 636 2238 et
661 2174 733 2255 quia
753 2193 884 2257 magnae
909 2173 999 2237 molis
1022 2175 1088 2238 erat
1110 2173 1217 2236 urbem

86 2275 273 2350 restituere,
299 2273 394 2337 diffisi
416 2275 534 2339 uiribus
556 2294 633 2357 opus
653 2276 748 2340 multi
769 2275 882 2339 laboris
908 2276 1040 2357 incipere
1064 2292 1124 2338 non
1150 2274 1217 2339 ausi

87 2378 209 2458 templo
227 2377 468 2441 continebantur.
490 2398 544 2460 per
563 2378 646 2443 idem
665 2380 789 2459 tempus
803 2379 915 2442 llsdras
935 2378 1034 2441 scriba
1053 2376 1131 2459 legis
1146 2377 1245 2457 post3

57 2495 138 2543 axx
150 2479 218 2543 fere
232 2497 326 2543 annos
337 2498 430 2560 quam
444 2481 597 2563 templum
611 2480 712 2545 fuerat
727 2482 983 2556 consummatum,
996 2479 1138 2545 defuncto
1153 2478 1217 2542 iam

86 2582 196 2657 Dario,
221 2582 275 2662 qui
290 2601 385 2646 unum
400 2583 438 2646 de
452 2583 566 2665 uiginti
581 2600 674 2647 annos
689 2602 792 2647 rerum
807 2582 909 2647 fuerat
923 2583 1050 2665 potitus,
1066 2581 1217 2662 permissu

88 2684 270 2747 Artaxersis
289 2685 430 2761 secundi,
453 2704 511 2749 non
534 2685 634 2762 illius,
663 2685 716 2767 qui
736 2685 817 2749 inter
838 2687 913 2749 duos
934 2686 1044 2751 Xerses
1064 2684 1141 2761 fuit,
1164 2683 1217 2747 sed

87 2787 199 2863 huius,
217 2786 271 2867 qui
285 2787 379 2850 Dario
394 2785 477 2851 Ocho
492 2790 694 2865 successerat,
714 2788 885 2871 Babylonia
898 2788 1052 2870 profectus
1066 2787 1218 2868 multique

89 2909 164 2954 eum
190 2889 291 2953 secuti
304 2890 551 2972 Hierosolymam
570 2910 737 2971 peruenere
752 2910 827 2955 uasa
841 2891 955 2955 diuersi
970 2891 1069 2973 operis
1084 2893 1115 2955 et
1130 2891 1218 2967 dona,

58 3020 80 3059 a
89 3012 170 3073 quae
184 3011 239 3056 rer
253 2994 370 3075 templo
384 2994 443 3056 Dei
457 2994 594 3070 miserat,
625 3012 695 3058 cum
710 3013 762 3058 xu
777 2994 911 3058 Leuitis:
932 2994 985 3057 uir
1000 2993 1081 3058 enim
1095 2993 1146 3056 hic
1159 3009 1247 3062 nu-4

88 3112 196 3158 merus
212 3114 248 3158 er
262 3095 319 3158 illa
332 3096 417 3159 tribu
431 3098 569 3177 repertus
584 3096 739 3160 traditur..
759 3096 786 3159 is
808 3116 878 3161 eum
901 3095 1147 3177 deprehendisset
1162 3095 1215 3159 lu-

88 3198 182 3261 daeos
208 3197 374 3280 gentilium
385 3199 522 3262 conubiis
533 3199 710 3280 permixtos,
733 3198 842 3263 multis
860 3198 1023 3279 increpitos
1040 3198 1215 3263 renuntiare

197 3435 234 3490 12
253 3436 319 3488 Esra
337 3436 363 3492 6.
399 3437 436 3491 23
454 3436 521 3489 Esra
539 3436 557 3491 7
575 3452 613 3505 sq.
651 3435 690 3491 26
708 3436 776 3489 Esra
793 3436 811 3492 9
830 3452 868 3503 sq.

141 3661 160 3716 3
179 3658 348 3712 meminimus
361 3658 399 3711 P:
411 3658 571 3711 mentionem
583 3658 693 3711 fecimus
707 3660 723 3712 b
771 3658 788 3713 6
801 3659 877 3711 annis
890 3674 942 3711 uno
954 3674 1016 3711 aes:
1029 3674 1110 3712 anuos
1122 3664 1176 3710 und
1189 3658 1217 3711 P

141 3747 159 3801 7
179 3744 338 3812 Sucdianus]
350 3744 433 3812 uulgo
445 3743 592 3812 Sogdianus
644 3744 814 3813 9ademptus
831 3746 859 3798 P
911 3746 946 3801 11
965 3745 1111 3798 docimento
1124 3742 1217 3796 ammi-

87 3833 222 3885 rationem
240 3832 268 3884 P
320 3829 377 3896 ‚12
396 3828 561 3897 concupisset
584 3830 701 3883 molebat
723 3830 756 3883 de
774 3831 862 3883 Proto
938 3830 976 3886 14
992 3830 1134 3899 imperaret
1151 3830 1215 3881 ntb

90 3918 127 3974 16
146 3917 255 3985 ceperat
267 3916 295 3968 P
345 3914 383 3969 21
401 3920 455 3968 und
466 3914 498 3967 de
510 3930 565 3968 ,xrs
580 3932 661 3967 annos
674 3916 713 3969 P:
730 3932 811 3969 unum
823 3916 855 3969 de
870 3931 910 3969 xx
921 3915 998 3968 annis
1010 3917 1025 3968 b
1038 3914 1217 3982 (undeuiginti

87 4005 122 4057 de
134 4004 237 4071 Prato)
301 4000 339 4055 22
358 4001 517 4053 artarxerses
531 4001 560 4054 P
621 4000 845 4057 23darioeh01>
868 4003 880 4069 Η
902 4001 1033 4068 multique
1052 4016 1112 4052 cum
1132 3989 1217 4051 secuti

87 4088 302 4157 Hierosolymam
312 4100 453 4154 perrexere
472 4101 539 4138 uasa
558 4084 659 4138 diuersi
676 4086 762 4155 operis
775 4088 886 4154 scripsi:
904 4086 1048 4153 multisque
1059 4101 1119 4137 eum
1131 4084 1217 4137 secuti

88 4174 290 4228 hierosolimam
310 4186 451 4239 peruenere
472 4186 538 4223 uasa
558 4170 657 4223 diuersi
677 4172 764 4239 operis
785 4173 824 4235 P,
846 4172 991 4238 multisque
1008 4186 1066 4222 cum
1087 4170 1214 4237 sequutis,

88 4258 303 4327 Hierosolymam
313 4272 462 4325 peruenere.
480 4256 552 4309 Vasa
563 4272 665 4324 quoquo
677 4256 778 4309 diuersi
789 4258 874 4325 operis
887 4258 902 4311 b
952 4255 990 4311 27
1003 4254 1165 4309 cocconubiis
1179 4258 1214 4321 P,

88 4345 232 4400 connubiis
245 4343 304 4398 edd.

990 4425 1012 4490 b
