3050 4984
531 404 535 419 ἱ
582 315 653 387 Cap.
674 316 753 373 6-7.
1202 322 1244 384 87

119 474 295 556 1611666661
309 475 423 539 etcum
436 473 623 557 praeposteri
641 472 752 539 amoris
774 474 953 555 coqueretur
976 472 1133 552 incendiis,
1153 492 1247 556 prope

118 577 253 642 Peroum
281 577 440 642 inuentam
466 576 619 661 uirginem
644 576 734 658 rapit.
768 576 882 641 Porcus
904 577 951 641 est
976 577 1080 641 autem
1103 578 1187 642 lacus
1213 578 1248 641 in

117 680 248 744 Hennae
260 679 397 745 ciuitatis
412 679 524 743 finibus
539 679 616 743 satis
628 696 773 745 amoenus
791 680 822 743 61
836 681 961 763 gratus,
975 680 1061 744 cuius
1076 680 1246 745 amoenitas

117 801 154 847 ex
170 781 282 846 florum
297 781 502 847 uarietatibus
512 782 663 848 nascitur:
681 800 754 847 nam
769 801 824 865 per
839 800 961 847 omnem
977 802 1092 848 annum
1106 783 1246 849 uicissim

84 910 95 947 r
118 885 182 951 sibi
196 885 428 951 suceedentibus
443 884 570 949 fioribus
586 886 756 950 coronatur.
780 885 847 950 illio
862 886 999 951 inuenies
1012 885 1157 969 quioquid
1167 887 1276 970 hya-2

118 988 219 1055 cinthi
239 989 344 1073 turget
360 988 393 1053 in
417 988 551 1067 caulem,
572 988 639 1053 11116
654 1006 773 1053 comam
795 988 924 1053 narcissi
944 985 996 1053 uel
1019 989 1100 1071 quod
1120 1008 1247 1055 auream

117 1109 224 1157 rosam
238 1091 367 1175 desuper
377 1091 494 1175 pingit,
510 1088 577 1156 11116
591 1091 679 1156 albae
693 1090 823 1157 hederae
837 1111 892 1174 per
905 1092 1021 1157 terram
1032 1092 1168 1157 molliter
1182 1112 1247 1157 ser-

1 1250 2 1253 ,
117 1196 199 1279 punt
214 1196 245 1259 61
260 1214 332 1259 cum
346 1194 507 1278 purpureis
524 1193 615 1259 uiolis
627 1194 764 1259 suauiter
774 1194 887 1259 rubens
902 1213 1060 1260 amaracus
1078 1194 1245 1273 inuenitur,

117 1316 176 1362 nec
190 1314 332 1363 coronam
354 1296 448 1361 istam
463 1297 534 1361 alba
558 1297 702 1361 deserunt
723 1296 806 1361 lilia:
828 1316 952 1381 prorsus
973 1299 1064 1380 aptus
1084 1298 1169 1363 locus
1193 1298 1247 1380 qui

84 1424 108 1463 ro
118 1402 224 1486 gratia
238 1419 293 1466 sua
307 1400 459 1483 puellares
472 1400 590 1465 animos
605 1400 636 1464 et
652 1399 801 1465 inuitaret
815 1401 930 1482 pariter
946 1401 977 1465 et
992 1402 1118 1467 teneret.
1142 1401 1174 1466 in
1188 1401 1247 1465 hoc
1327 1422 1329 1427 ¹

117 1504 186 1569 1666
203 1522 274 1568 oum
288 1522 307 1567 6
321 1502 452 1567 Plutone
467 1502 556 1587 uirgo
576 1490 668 1585 prope
688 1521 847 1585 uesperam
861 1504 972 1569 fuisset
987 1504 1130 1583 inuenta,
1146 1504 1180 1569 ui
1195 1524 1247 1569 ra-

118 1608 205 1691 pitur
221 1607 252 1672 et
267 1605 504 1689 superimposita
518 1606 659 1671 uehiculo
675 1606 779 1673 scissis
794 1606 932 1672 uestibus
947 1607 1090 1673 laceratis
1111 1607 1247 1671 crinibus

119 1699 264 1776 ducitur:
288 1728 343 1774 neo
363 1709 491 1775 resecati
511 1728 628 1793 ungues
654 1711 761 1775 eontra
781 1711 949 1775 amatorem
963 1710 1114 1775 rusticum
1129 1710 1247 1791 aliquid

1 1848 2 1855 1
118 1812 325 1899 profuenmtl
358 1830 413 1877 nec
429 1812 543 1877 clamor
568 1813 659 1894 atque
684 1812 822 1877 ululatus
848 1813 970 1879 adiuuit
989 1827 1050 1879 nec
1076 1815 1300 1879 ceterarumro.
1313 1831 1350 1873 ⁸⁸.

85 1928 109 1968 1⁵
120 1916 271 1998 strepitus
286 1915 468 1997 puellarum.
484 1917 558 1980 tuno
572 1935 634 1981 nna
649 1915 739 1980 celeri
754 1934 859 1996 cursu,
876 1936 947 1982 oum
962 1917 999 1981 de
1014 1918 1142 1983 ciuitate
1156 1927 1273 1983 nomos

119 2018 326 2097 succurreret,
343 2017 424 2082 facta
446 2037 482 2082 ex
502 2018 567 2101 1666
580 2018 690 2083 timore
710 2019 843 2083 uelocior
857 2020 952 2085 matri
968 2022 1094 2102 raptum
1114 2020 1246 2105 uirginis

1 2134 2 2137 ’
118 2122 254 2187 nuntiat.
272 2122 376 2186 contra
390 2121 545 2203 raptorem
554 2120 715 2206 indignata
726 2123 826 2187 mater
837 2125 991 2188 armatam
1005 2142 1132 2188 manum
1144 2123 1245 2188 ducit:

119 2244 176 2291 neo
187 2224 353 2289 Plutonem
367 2224 506 2289 mulieris
522 2224 634 2289 fefelht
654 2225 820 2305 aduentus,
845 2225 898 2291 661
917 2228 954 2291 ut
968 2226 1094 2291 retorsit
1113 2225 1246 2291 616161-

120 2329 221 2393 tatem
236 2328 339 2393 666166
360 2329 391 2392 61
408 2326 544 2393 infinitos
559 2346 668 2393 cuneos
689 2328 822 2410 respexit
846 2329 949 2394 uenire
970 2348 1040 2394 cum
1054 2331 1170 2407 matre,
1196 2330 1247 2393 fu-

87 2433 245 2501 aonestum
264 2430 343 2512 cepit
359 2449 395 2495 ex
412 2430 621 2511 desperatione
637 2431 816 2496 consilium:
839 2432 1022 2517 quadrigam
1047 2452 1107 2515 qua
1120 2432 1247 2497 uehicu-

120 2536 189 2600 lum
204 2535 384 2601 trahebatur
398 2556 452 2620 661
467 2537 605 2603 medium
615 2537 718 2602 lacum
733 2537 860 2622 dirigit:
888 2537 915 2601 is
932 2536 997 2601 erat
1011 2535 1171 2618 profundis
1191 2551 1247 2598 uo-

121 2638 281 2723 raginibus
307 2638 479 2704 immersus.
499 2639 573 2704 illic.
591 2659 661 2705 oum
687 2641 790 2705 amata
814 2640 990 2706 submersus
1011 2638 1133 2723 uirgine
1153 2637 1248 2702 mise·

121 2742 235 2809 rendae
245 2742 340 2806 matri
350 2741 387 2805 de
398 2743 497 2807 morte
512 2741 594 2807 filiae
606 2741 765 2808 funestum
776 2744 985 2825 spectaculum
996 2742 1147 2827 praebuit.
1161 2741 1247 2806 Hen-
1259 2743 1279 2797 4

121 2864 230 2910 nenses
245 2846 281 2910 ut
301 2845 425 2926 possent
442 2845 590 2921 maternis
610 2846 746 2911 luctibus
770 2864 806 2911 en
821 2846 926 2929 aliqua
939 2847 1027 2928 66116
1047 2845 1183 2909 inuenire
1198 2861 1248 2909 so-

86 2948 247 3026 solacium,
263 2948 430 3013 inferorum
445 2967 551 3032 regem
563 2948 717 3032 uirginem
731 2949 870 3031 rapuisse
879 2932 1060 3027 hncxerunt,
1077 2949 1108 3012 et
1123 2949 1159 3011 ut
1173 2947 1248 3011 fides

121 3051 272 3135 figmenta
288 3050 478 3133 sequeretur,
490 3068 583 3132 prope
598 3050 762 3135 Syracusas
778 3071 849 3116 eum
872 3070 925 3133 per
947 3052 1045 3116 aliurn
1058 3051 1161 3116 locum
1178 3069 1249 3115 eum

122 3153 244 3239 uirgine
263 3154 422 3219 emersisse
441 3154 602 3219 iactarunt.
631 3154 784 3237 templum
805 3174 877 3220 sane
898 3156 929 3219 et
944 3154 1065 3237 raptori
1086 3154 1117 3219 et
1132 3152 1248 3237 uirgini

122 3257 263 3322 accurate
279 3256 406 3321 conlatis
428 3256 604 3339 sumptibus
619 3257 737 3322 faciunt
754 3258 785 3321 61
800 3277 902 3322 annua
921 3257 1085 3339 intemplo
1105 3256 1179 3320 uota
1194 3256 1251 3319 de·

123 3360 265 3425 cernunt:
282 3359 335 3425 sed
349 3359 434 3424 nullo
448 3378 558 3444 genere
573 3360 682 3425 matris
697 3362 784 3425 dolor
799 3360 934 3426 uincitur
954 3379 1010 3425 nec
1023 3358 1184 3423 muliebris
1199 3358 1249 3421 in-

89 3464 291 3546 eopatieutiae
306 3464 461 3529 tormenta
476 3466 635 3543 curantur,
651 3464 705 3530 sed
720 3464 844 3530 credens
856 3484 927 3529 uere
939 3464 1037 3529 filiam
1048 3481 1141 3545 prope
1156 3459 1250 3544 Syra·

124 3585 211 3632 cusas
227 3586 292 3632 esse
306 3568 425 3645 uisam,
442 3566 632 3649 Triptolemo
647 3568 723 3632 duee
738 3567 833 3631 uilico
847 3585 901 3633 suo
916 3566 1072 3632 nocturnis
1086 3563 1251 3629 itineribus

123 3670 163 3734 ad
178 3668 383 3753 Syracusanae
399 3669 537 3735 ciuitatis
551 3670 627 3735 litus
639 3689 710 3735 cum
722 3670 849 3753 lugubri
862 3671 949 3735 ueste
969 3688 1005 3735 ao
1020 3668 1141 3733 sordido
1157 3684 1249 3747 squa-

123 3773 187 3838 lore
201 3772 352 3854 peruenit.
368 3791 423 3837 neo
437 3772 504 3838 11116
520 3771 619 3837 deluit
634 3773 687 3855 qui
702 3773 858 3838 credulam
875 3773 913 3839 de
935 3772 1163 3838 calamitatibus
1184 3771 1251 3837 suis

177 3960 194 4015 1
208 3974 268 4013 cum
279 3958 311 4013 de
322 3974 411 4029 praep.
424 3975 447 4013 a.
460 3961 662 4028 conquereretur
674 3976 692 4013 6
744 3959 762 4016 2
781 3960 883 4029 Pergus
896 3959 975 4015 0611,
991 3960 1101 4015 Metam.
1114 3960 1145 4028 V,
1159 3962 1216 4013 386

123 4044 283 4115 5yacinthi
293 4048 322 4110 P,
334 4051 363 4099 61
375 4046 410 4113 cf.
424 4062 445 4101 6.
459 4048 536 4114 162
595 4045 780 4101 666166111Ρ
847 4046 883 4102 13
904 4046 1017 4099 resecati
1034 4046 1075 4099 M.
1086 4045 1187 4113 Haupt
1204 4046 1250 4112 (ire

122 4132 226 4185 Hermo
239 4131 283 4199 II,
296 4132 342 4200 8):
354 4132 486 4185 reseruati
498 4132 543 4185 Po
595 4130 630 4188 16
648 4130 706 4200 ipso
718 4132 746 4185 P
757 4147 826 4187 corr.
839 4147 872 4185 66
889 4130 945 4200 ipse
998 4129 1033 4187 18
1051 4130 1175 4185 retrorsit
1186 4131 1214 4183 P

123 4216 161 4274 20
178 4232 255 4285 qua..
264 4217 422 4271 trahebatur
433 4233 497 4271 reos:
511 4216 722 4286 qua..t1·ahebat
728 4218 764 4286 P,
777 4233 855 4286 quae.
864 4216 1001 4270 trahebat
1010 4234 1029 4270 6
1079 4216 1118 4273 22
1137 4216 1249 4269 immen-

123 4302 252 4356 susum
269 4301 428 4357 1116666166
480 4302 518 4359 27
537 4303 696 4356 mersisseP
748 4302 992 4359 30filia..uisaP
1043 4301 1079 4358 31
1093 4301 1213 4356 uillieoa

124 4388 163 4445 33
175 4388 234 4441 11116
245 4386 275 4441 P
286 4389 363 4457 (16616
374 4388 522 4457 16166616)
535 4393 561 4443 61
577 4388 686 4443 0611661
704 4388 748 4442 illi
760 4405 779 4441 6
838 4445 840 4450 ,
