3050 4984
322 362 365 425 80
748 360 896 428 Sulpicii
913 358 1027 413 Seueri
1112 434 1114 441 Ι

320 533 427 579 uersus
441 516 496 578 hos
510 515 682 580 Alexander
697 516 762 581 acie
782 515 928 598 confligit.
951 531 985 578 eo
1004 513 1117 595 proelio
1138 513 1331 578 Ptolemaeus
1347 514 1443 592 eadit,

291 617 491 683 5Alexander
506 619 654 683 uincitur:
680 618 771 700 paulo
791 620 860 701 post
879 616 1065 694 interfectus,
1082 635 1151 681 eum
1168 617 1322 699 regnasset
1343 634 1442 681 annos

320 722 453 802 quinque
466 721 532 797 uel,
554 723 590 785 ut
604 721 637 785 in
651 721 803 802 plerisque
817 721 991 785 auctoribus
1006 720 1139 802 repperi,
1162 737 1281 785 nouem.

268 821 308 882 25
362 823 535 888 Demetrius
550 842 679 907 regnum
699 824 841 905 indeptus
861 823 1022 888 Ionatham
1044 824 1172 906 benigne
1187 822 1309 899 hebuit,
1331 821 1441 887 foedus

318 945 389 991 cum
415 944 449 990 eo
473 925 562 1003 fecit,
585 927 712 991 Iudaeos
737 926 858 1010 legibus
884 926 947 989 suis
972 926 1113 991 reddidit.
1137 926 1252 991 interea
1278 926 1442 1009 Tryphon,
1472 950 1490 989 ⁵

317 1030 371 1110 qui
385 1029 520 1109 partium
534 1028 700 1093 Alexandri
719 1028 833 1106 inerat,
858 1027 1027 1110 praefectus
1042 1027 1147 1110 Syriae
1160 1046 1252 1111 regno
1272 1063 1287 1090 ι
1305 1062 1321 1091 ι
1339 1062 1355 1091 ι
1369 1048 1444 1092 eum

319 1132 400 1196 bello
425 1131 642 1212 prohibiturus.
665 1133 771 1197 contre
795 1132 923 1195 Ionatha
943 1131 976 1195 in
989 1131 1139 1212 proelium
1153 1131 1324 1207 descendit,
1346 1130 1441 1194 terri·

289 1234 391 1297 abilis
405 1252 451 1297 xn
466 1234 588 1298 milium
604 1234 746 1299 exercitu.
771 1234 927 1317 Tryphon,
950 1234 1003 1298 ubi
1024 1252 1055 1297 se
1077 1234 1228 1314 imparem
1249 1234 1360 1309 cernit,
1382 1252 1441 1313 pe·

317 1356 385 1401 eam
398 1337 538 1412 simulat,
561 1338 775 1418 receptumque
794 1337 827 1401 in
846 1336 1015 1401 amicitiem
1029 1335 1256 1417 inusitatumque
1270 1335 1443 1401 Ptolemai-

316 1440 389 1504 dem
414 1438 575 1503 interfecit.
598 1440 668 1521 post
691 1440 853 1503 Ionatham
879 1459 999 1503 summa
1023 1458 1124 1503 rerum
1145 1439 1183 1503 ad
1208 1437 1362 1503 Simonem
1376 1438 1486 1504 fra-10

315 1545 396 1606 trem
411 1541 554 1606 defertur.
578 1542 606 1605 is
620 1541 712 1606 funus
727 1542 831 1606 fratris
846 1542 1006 1625 magnifice
1027 1542 1145 1606 ceraunii
1165 1543 1341 1624 septemque
1366 1542 1438 1605 illes

315 1646 489 1728 pyramides
503 1644 688 1709 nobilissimi
708 1645 807 1725 operis
828 1645 974 1721 extruxit,
997 1645 1030 1709 in
1055 1645 1166 1725 quibus
1191 1645 1223 1708 et
1247 1643 1378 1707 fratrmn
1404 1645 1437 1707 et

287 1749 412 1831 epatris
438 1765 505 1811 ossa
530 1748 674 1811 condidit.
698 1749 767 1811 tum
781 1748 974 1824 Demetrius,
998 1746 1108 1812 refecto
1130 1766 1200 1810 oum
1225 1747 1346 1811 Iudaeis
1371 1747 1438 1811 foe-

316 1851 401 1927 dere,
417 1850 670 1930 contemplatione
684 1850 779 1913 cladis
795 1869 813 1914 a
828 1850 987 1933 Tryphone
1002 1850 1105 1913 illatae
1120 1887 1161 1895 -
1176 1869 1248 1913 nem
1262 1851 1331 1930 post
1345 1850 1436 1913 Ione-

315 1954 388 2017 thae
408 1972 513 2017 necem
534 1952 624 2017 urbes
647 1970 752 2016 eorum
773 1953 864 2034 etque
885 1970 973 2035 agros
995 1952 1074 2016 bello
1091 1953 1266 2016 uestaueret
1280 1988 1321 1998 -
1336 1971 1480 2017 annuere

316 2055 360 2119 eis
374 2054 539 2138 uectigalia
553 2054 779 2136 inperpetuum
794 2056 941 2121 remittit:
965 2055 1078 2121 etenim
1092 2074 1188 2136 usque
1202 2056 1241 2119 ad
1260 2054 1293 2119 id
1314 2057 1438 2136 tempus

315 2159 439 2241 regibus
459 2156 578 2240 Syriae,
610 2158 671 2222 nisi
695 2178 766 2223 cum
792 2158 884 2223 ermis
904 2159 1097 2236 restiterunt,
1126 2158 1312 2241 stipendium
1336 2158 1439 2240 pensi-

286 2263 464 2329 caussam.
494 2262 527 2325 id
556 2262 678 2344 gestum
703 2262 854 2326 Demetrii
879 2262 960 2345 regis
987 2280 1063 2325 anno
1089 2263 1234 2338 seeundo,
1263 2263 1344 2342 quod
1369 2261 1437 2325 ideo

367 2517 383 2572 1
403 2533 433 2570 eo
444 2517 527 2585 prelio
539 2517 657 2569 uincitur
668 2517 831 2584 ptolomeus.
851 2516 922 2569 eadit
940 2516 1078 2569 alexander
1095 2517 1213 2569 uincitur
1230 2517 1309 2585 paulo
1327 2519 1386 2585 post
1398 2517 1434 2579 P,

314 2618 345 2654 eo
361 2602 460 2669 proelio
477 2602 594 2654 uincitur
610 2601 791 2664 Ptolemaeus,
810 2601 882 2653 eadit
894 2600 1047 2655 Alexander.
1061 2603 1184 2655 Vincitur
1204 2602 1383 2665 Ptolemaeus,
1402 2604 1432 2655 et

313 2686 392 2754 paulo
403 2688 463 2754 post
475 2688 503 2750 b;
515 2687 601 2739 secati
612 2702 705 2738 eamne
716 2686 930 2739 emendationem
943 2686 974 2739 G.
983 2688 1115 2754 Riebtcri,
1129 2690 1184 2741 nisi
1195 2688 1267 2756 qnod
1278 2689 1324 2741 die
1334 2704 1434 2741 secan·

315 2770 381 2823 duan
407 2770 552 2824 editionem
577 2772 734 2837 principem
757 2773 785 2823 et
805 2777 869 2825 ante
889 2771 968 2839 paulo
988 2772 1097 2826 addidit
1177 2773 1369 2830 2interfectus
1393 2775 1435 2827 P:

313 2855 474 2908 interficitur
494 2857 510 2909 b
575 2856 593 2911 3
611 2856 782 2924 impletisque
794 2857 822 2909 P
874 2856 1073 2912 teorotnand
1133 2859 1151 2917 5
1169 2859 1245 2912 iudas
1258 2860 1285 2911 P
1306 2861 1318 2926 Η
1341 2859 1430 2917 5et8

312 2940 394 2993 trifon
408 2942 436 2993 P
485 2940 503 2996 6
520 2941 612 3009 regno]
630 2942 673 2994 bic
690 2942 824 3009 quaedam
840 2942 1010 2995 intercidisse
1027 2945 1116 2997 critici
1133 2951 1204 2997 recte
1221 2946 1432 3011 intellexerant5

312 3042 363 3079 nec
374 3032 466 3079 tamen
477 3027 581 3093 suffieit
592 3044 653 3080 cam
664 3027 833 3095 Hieronymo
843 3027 876 3079 dc
886 3029 972 3080 Proto
981 3026 1103 3081 inhiabat
1115 3031 1253 3097 suppleam
1272 3046 1337 3083 nam
1345 3046 1435 3096 appa-

312 3117 355 3165 ret
362 3113 450 3179 plara
462 3112 550 3165 deesse
562 3118 587 3165 et
598 3113 684 3165 acrba
695 3129 755 3165 eum
762 3112 834 3165 bello
843 3112 1023 3180 prohibiturus
1035 3130 1092 3167 non
1101 3115 1138 3167 ad
1146 3117 1309 3168 sententiam
1321 3132 1435 3183 sequen-

316 3205 383 3266 ten,
401 3198 448 3252 sed
468 3198 505 3251 ad
513 3199 635 3265 pm'orem
653 3200 798 3265 pertinere.
818 3198 865 3251 Ειι
885 3199 1006 3252 Maccab.
1030 3201 1054 3266 I,
1072 3204 1117 3267 12,
1130 3204 1166 3253 39
1177 3216 1230 3269 sp,
1248 3200 1304 3253 ‘act
1322 3199 1435 3267 ἐζήτησε

314 3280 436 3358 Τρύφων
456 3286 614 3352 βασιλεῦσαι
639 3286 688 3351 τῆς
708 3284 800 3344 Ἀσίας
820 3288 867 3336 καὶ
885 3289 1051 3356 περιθέσθαι
1067 3284 1099 3338 τὸ
1117 3282 1242 3356 διάδημα
1254 3291 1301 3339 καὶ
1313 3288 1433 3341 ἐκτεῖναι

307 3376 391 3443 χεῖρα
413 3371 461 3422 ἐπὶ
472 3369 622 3439 Ἀντίοχον
641 3368 690 3423 τὸν
710 3373 830 3438 βασιλέα·
851 3374 898 3423 καὶ
919 3366 1046 3440 ἐφοβήθη
1063 3367 1103 3440 μή
1126 3391 1193 3425 ποτε
1207 3372 1256 3425 οὐκ
1268 3369 1333 3444 ἐάσῃ
1345 3371 1431 3427 αὐτὸν

311 3452 448 3509 Ἰοινάθαν
464 3460 511 3508 καὶ
527 3453 568 3526 μή
582 3474 650 3509 ποτε
668 3451 813 3527 πολεμήσῃ
826 3454 895 3528 πρὸς
907 3452 998 3509 αὐτόν·
1011 3461 1058 3509 καὶ
1070 3452 1156 3524 ἐζήτει
1168 3454 1256 3531 πόρον
1268 3462 1316 3511 τοῦ
1329 3463 1428 3512 συλλα-

311 3548 373 3611 βεῖν
388 3540 438 3595 τὸν
449 3539 585 3595 Ἰοινάθαν
602 3545 649 3595 καὶ
660 3542 796 3595 ἀπολέσαι
812 3537 910 3608 αὐτόν,
935 3547 982 3595 καὶ
998 3538 1107 3613 ἀπάρας
1124 3540 1209 3609 ἦλθεν
1226 3549 1265 3603 εἰς
1280 3542 1434 3599 accende*

313 3630 416 3682 laeana
426 3629 464 3681 eie
476 3629 534 3694 fere
547 3627 683 3695 explenda
693 3627 820 3681 nidetar:
840 3644 919 3696 regno
929 3628 1019 3697 [Asiae
1031 3628 1149 3692 inhians,
1162 3630 1264 3683 ueritus
1273 3647 1305 3683 ne
1314 3631 1332 3685 J
1332 3631 1432 3685 anatha

313 3714 366 3767 eibi
386 3729 460 3765 arma
479 3713 601 3776 inferret,
620 3712 751 3781 profectus
769 3716 810 3766 est
821 3713 966 3782 Baethsau]
979 3714 1119 3768 eumbello
1131 3715 1319 3783 prohibiturus.
1339 3719 1432 3770 eontra

311 3798 429 3853 Jonatha
448 3804 495 3851 etc.
549 3798 567 3854 7
585 3798 694 3851 ionatha
715 3800 789 3865 (cnm
809 3799 886 3865 apice
904 3815 988 3865 saper
1007 3800 1113 3868 syllaba
1132 3800 1192 3867 tha)
1205 3802 1243 3853 P:
1262 3802 1430 3856 Jonathanb

363 3883 505 3940 8milium
525 3883 554 3936 b:
581 3882 671 3947 milib;
690 3884 718 3936 P
780 3883 1005 3952 9ptolomaidem
1025 3886 1062 3949 P,
1087 3885 1279 3939 Ptolemaidem
1299 3888 1429 3953 Dmasins,

310 3970 368 4023 nisi
387 3969 466 4022 maiis
485 3968 652 4021 Ptolemaida
724 3968 761 4024 10
778 3968 905 4022 interficit
924 3971 1041 4023 malebat
1061 3970 1094 4024 de
1114 3972 1202 4025 Pnato
1224 3974 1236 4039 ΙΙ
1257 3973 1391 4025 Jonathan
1411 3975 1427 4026 b

322 4057 334 4122 ΙΙ
358 4070 493 4123 symonem
505 4054 533 4106 P
584 4053 621 4109 12
638 4054 776 4122 inquibus
793 4054 887 4107 matris
905 4058 933 4109 et
951 4055 1064 4109 fratrum
1082 4056 1115 4109 de
1127 4059 1214 4111 Prata
1219 4078 1230 4124 ;
1248 4059 1326 4112 imnco
1333 4059 1427 4127 potine

311 4142 340 4193 et
362 4140 476 4193 fratrmn
498 4142 526 4192 et
549 4140 643 4191 matris
667 4142 695 4192 et
717 4140 816 4208 patris,
835 4143 870 4207 cf.
892 4141 1014 4194 Maccab.
1037 4142 1061 4207 I,
1083 4145 1126 4209 13,
1139 4145 1178 4197 28
1231 4143 1268 4198 14
1284 4143 1381 4209 milone
1402 4145 1429 4197 P

365 4224 401 4281 16
420 4225 458 4278 eis
475 4225 627 4279 Giseiietns:
645 4225 703 4277 eius
715 4226 743 4278 P
764 4227 776 4293 ll
798 4226 992 4294 imperpetuum
1006 4227 1033 4278 P
1085 4227 1120 4281 17
1138 4228 1295 4281 restiterunt
1307 4230 1345 4282 P:
1364 4229 1427 4281 resi-

312 4310 443 4364 sterentb
1501 4301 1508 4315 '
