3050 4984
285 339 327 403 24
699 336 841 389 Minueii
859 335 987 388 Felicis

257 492 423 572 sexempli
438 490 545 573 utique
561 491 598 555 de
614 492 706 556 eaelo.
726 491 846 572 quando
861 510 1009 573 umquam
1020 491 1106 575 regui
1121 490 1250 555 societas
1264 491 1319 555 aut
1334 509 1406 555 oum
1489 502 1490 539 1

285 594 344 659 fide
359 593 459 675 eoepit
473 596 528 657 aut
542 594 606 658 sine
622 612 726 657 eruore
741 593 854 658 desiit?
869 594 981 657 omitto
996 594 1105 657 Persas
1120 593 1158 657 de
1170 611 1318 675 equorum
1332 593 1404 657 hin-
1490 587 1491 626 ³

284 697 354 761 nitu
368 698 552 780 augurantes
566 696 784 779 principatum,
797 698 828 760 et
835 696 1048 761 Thebanorum
1063 714 1128 779 por,
1143 698 1299 761 mortuam
1314 695 1405 760 fabu—

285 799 362 877 lam,
378 800 506 863 transeo.
523 799 561 863 ob
576 800 734 879 pastorum
749 799 781 863 et
796 817 883 864 ossae
903 817 1034 883 regnum
1050 801 1087 864 de
1101 799 1234 883 geminis
1256 798 1407 864 memorie

285 902 446 966 notissima
459 903 514 966 est.
533 902 634 986 generi
650 903 681 966 et
696 901 791 966 soceri
805 901 887 967 bella
900 904 966 967 toto
982 903 1053 967 orbe
1068 902 1180 967 diffusa
1195 902 1276 980 sunt,
1293 902 1325 965 61
1340 903 1407 965 tarn
1428 923 1439 960 0

258 1004 390 1088 tmagni
405 1004 526 1085 imperii
541 1003 616 1068 duos
630 1004 754 1069 fortuna
767 1022 828 1069 non
842 1004 932 1087 oepit.
949 1005 1021 1069 uide
1036 1006 1151 1069 uetera:
1174 1022 1226 1068 rex
1244 1022 1324 1068 unus
1340 1004 1407 1085 api·
1495 1013 1496 1066 1

285 1108 358 1185 bus,
374 1106 434 1171 dux
449 1125 527 1172 unus
546 1108 579 1172 in
598 1107 761 1190 gregibus,
783 1107 816 1171 in
830 1107 979 1172 armentis
999 1109 1098 1172 060160
1112 1125 1199 1171 unus.
1223 1108 1259 1171 tu
1274 1106 1309 1170 in
1323 1106 1407 1170 caelo
1496 1098 1497 1154 1

286 1228 440 1274 summam
454 1210 649 1275 maiestatem
664 1209 764 1274 diuidi
784 1210 889 1274 eredas
911 1211 942 1273 et
957 1210 1054 1274 soindi
1069 1210 1135 1275 ueri
1155 1209 1242 1274 illius
1257 1228 1294 1273 ee
1308 1208 1408 1273 diuini
1497 1185 1498 1242 1

285 1312 407 1393 imperii
419 1313 518 1378 totam
533 1312 727 1394 potestatem,
744 1331 815 1377 oum
825 1313 928 1393 palam
939 1312 981 1376 sit
991 1314 1150 1394 parentem
1160 1312 1300 1376 omnium
1306 1312 1408 1376 Deum

284 1433 340 1479 nee
358 1416 543 1497 principium
563 1416 674 1480 habere
689 1433 744 1480 nee
758 1416 942 1493 terminum,
966 1416 1019 1497 qui
1042 1416 1242 1480 natiuitatem
1263 1414 1441 1479 ommbusu
1499 1405 1501 1482 i

284 1520 433 1599 praestet,
459 1518 519 1583 sibi
535 1518 784 1600 perpetuitatem,
811 1518 864 1599 qui
886 1519 956 1583 ente
976 1519 1128 1583 mundum
1146 1517 1242 1582 fuerit
1263 1516 1326 1581 sibi
1341 1517 1407 1599 ipse
1501 1525 1502 1572 1

284 1638 338 1701 pro
353 1619 479 1685 mundo:
502 1621 554 1702 qui
570 1622 726 1699 uniuersa,
754 1639 961 1703 quaecumque
986 1623 1073 1698 sunt,
1103 1621 1196 1686 uerbo
1218 1620 1323 1698 iubet,
1358 1637 1408 1683 ra·
1502 1645 1504 1721 3

257 1723 368 1788 stione
382 1723 552 1806 dispensat,
579 1724 696 1788 uirtute
711 1726 911 1789 consummat.
935 1724 986 1788 hie
1000 1741 1060 1788 non
1074 1722 1172 1787 uideri
1192 1723 1311 1803 potest,
1339 1722 1409 1787 uisu
1504 1781 1505 1802 ,

286 1825 394 1890 clarior
408 1828 470 1903 est,
501 1844 556 1891 nee
571 1827 731 1907 oonprendi
747 1827 895 1909 [potest],
925 1827 1012 1892 tactu
1031 1826 1136 1908 purior
1151 1828 1213 1904 est,
1244 1825 1409 1890 06006011-
1505 1867 1506 1886 2

286 1928 379 2005 mari,
395 1928 534 1993 sensibus
549 1929 647 1993 maior
661 1931 722 2007 est,
739 1929 892 2007 infinitus,
917 1929 1072 1994 inmensus
1088 1931 1120 1994 et
1134 1930 1192 1993 soli
1212 1928 1272 1993 sibi
1291 1929 1408 2007 160100,
1417 1944 1441 1984 1⁵
1506 1951 1507 1956 ¹

286 2030 418 2111 quantus
439 2032 499 2108 est,
516 2031 621 2094 notus:
646 2031 733 2095 nobis
748 2049 820 2095 uero
842 2032 882 2095 sd
902 2031 1097 2097 intellectum
1120 2033 1227 2114 peetus
1241 2032 1410 2116 angustum

287 2132 349 2211 est,
379 2135 410 2198 61
434 2134 502 2197 1166
528 2133 572 2197 010
594 2152 664 2197 eum
690 2134 782 2217 digne
805 2134 1021 2213 aestimamus,
1051 2136 1126 2199 dum
1151 2133 1409 2200 inaestimabilem

259 2235 426 2301 edicimus.
443 2236 565 2318 eloquar
580 2238 837 2317 quemadmodum
854 2238 967 2302 sentio:
983 2238 1229 2321 magnitudinem
1236 2238 1296 2302 Dei
1309 2237 1363 2318 qui
1378 2255 1410 2301 se

287 2340 376 2420 putat
390 2358 486 2417 nosse,
501 2339 630 2404 minuit:
646 2340 698 2421 qui
713 2359 773 2405 non
787 2340 858 2404 uult
872 2340 1019 2419 minuere,
1034 2359 1095 2405 non
1108 2342 1204 2405 nouit.
1228 2359 1283 2405 neo
1299 2358 1410 2405 nomen

239 2448 277 2501 10
287 2441 351 2507 Deo
377 2461 517 2525 quaerre,
549 2443 631 2507 Deus
657 2460 767 2508 nomen
793 2444 937 2507 60111110
963 2444 1122 2508 uocabulis
1147 2463 1222 2526 opus
1243 2445 1307 2522 est,
1339 2459 1441 2509 eumn

287 2563 340 2627 per
365 2546 502 2630 singulos
524 2545 655 2627 propriis
682 2546 922 2629 appeliationum
947 2547 1120 2630 insignibus
1135 2547 1304 2611 multitudo
1334 2545 1409 2610 diri-

288 2650 398 2713 menda
424 2650 497 2714 esti
523 2650 603 2725 Deo,
640 2650 693 2730 qui
718 2649 801 2713 solus
824 2652 887 2728 est,
923 2649 981 2713 Dei
1009 2649 1193 2714 uocabulum
1222 2650 1328 2713 totum
1353 2648 1408 2713 601.

288 2768 380 2831 quem
395 2752 421 2815 si
434 2754 555 2834 patrem
568 2752 686 2830 dixero,
718 2752 871 2817 carnalem
886 2752 1034 2833 opineris,
1065 2753 1092 2817 si
1106 2772 1226 2837 regem,
1253 2752 1409 2817 terrenum

340 2920 358 2975 2
375 2919 456 2973 desiit
471 2921 589 2974 Vrsinus
613 2923 658 2989 (00
674 2921 815 2989 Oppriano
827 2923 844 2975 1.
858 2939 879 2976 e.
893 2924 917 2986 5,
931 2924 978 2989 2).·
997 2920 1121 2975 discessit
1140 2922 1183 2975 Pr
1247 2922 1264 2978 3
1282 2921 1410 2975 thebano·

288 3022 347 3057 rum
358 3007 536 3073 permortuam
547 3008 601 3069 Pr,
621 3022 668 3060 ern.
690 3008 832 3061 Meursius
852 3014 879 3061 et
898 3006 1040 3076 Ripaitius
1060 3023 1094 3061 00
1119 3007 1259 3075 Oppriuno
1278 3007 1295 3060 1.
1309 3024 1346 3061 et
1373 3006 1411 3059 010

290 3090 472 3143 Thebanorum
490 3092 653 3159 germanitas
670 3095 750 3161 rupta
814 3092 832 3149 6
849 3093 957 3146 senuna
968 3093 1033 3146 duos
1045 3093 1197 3146 1100000600οι
1211 3093 1395 3161 probabiliter
1400 3111 1410 3158 ,·

289 3177 325 3243 ef.
339 3176 446 3230 100600.
461 3178 550 3240 1,109
568 3183 594 3230 01
610 3177 688 3232 1160.
703 3179 744 3242 11,
758 3182 793 3231 13
806 3179 871 3246 (IV,
891 3181 922 3246 2)
941 3180 1025 3246 §.142
1053 3178 1092 3232 010
1112 3179 1145 3232 de
1164 3177 1318 3246 principatu
1338 3178 1410 3232 labo

290 3262 396 3325 rabant,
421 3264 558 3329 tamquam
570 3262 633 3316 duos
645 3263 718 3316 tanti
730 3263 836 3332 imperii
848 3264 955 3316 fortuna
966 3280 1018 3317 non
1030 3266 1136 3332 raperet
1158 3264 1170 3332 ΙΙ
1193 3263 1280 3332 eoepit
1292 3280 1308 3316 r
1331 3265 1343 3331 ΙΙ
1366 3278 1411 3315 rex

291 3363 358 3401 unus
370 3349 412 3400 est
423 3347 518 3417 apibus
534 3348 616 3416 Oppr.
636 3348 651 3400 1.
668 3365 688 3402 0.
760 3347 778 3404 8
797 3366 817 3402 s.
830 3349 1000 3403 maiestatem
1015 3350 1134 3403 Vahlen:
1153 3366 1173 3402 0.
1186 3350 1348 3417 potestatem
1360 3349 1410 3415 Pr,

292 3449 421 3487 summam
443 3434 501 3501 (ern,
514 3435 685 3502 potestatem)
701 3433 788 3487 diuidi
799 3433 935 3488 1160010100
940 3454 950 3501 ,·
978 3435 1012 3501 ef.
1033 3435 1113 3502 Oppr.
1127 3435 1143 3487 1.
1158 3451 1179 3488 e.
1192 3438 1225 3488 8.·
1244 3433 1411 3501 nequeenim

290 3519 341 3573 illa
353 3519 505 3573 sublimitas
525 3520 613 3587 potest
636 3518 732 3572 habere
753 3522 915 3584 consortem,
945 3536 1006 3573 oum
1026 3519 1083 3573 sola
1103 3535 1207 3573 omnem
1226 3520 1318 3573 teneat
1337 3521 1411 3588 pote·

291 3608 389 3659 statem
442 3605 478 3661 11
496 3604 636 3672 prestetP
689 3604 725 3661 12
738 3605 1230 3674 iubeat—dispenset—-consummet
1241 3605 1378 3660 Duuisius

344 3691 381 3748 14
399 3689 599 3760 compraehendi
619 3708 635 3744 r
657 3692 669 3758 11
691 3692 767 3745 taeta
786 3692 877 3760 purior
898 3694 940 3745 est
961 3691 1134 3745 addiderunt
1158 3691 1293 3747 0600100000
1310 3692 1356 3759 (V.
1375 3690 1408 3743 L.

291 3784 314 3842 1,
328 3782 345 3832 7
342 3780 357 3845 )
369 3784 395 3831 et
408 3778 525 3831 Vrsinus
537 3792 571 3830 00
579 3777 720 3846 Cypriane
732 3780 758 3844 5,
780 3781 797 3831 5
801 3798 811 3844 ;
824 3778 906 3832 tinius
927 3778 979 3831 0611
999 3778 1056 3831 1606
1067 3778 1167 3846 potest,
1189 3793 1242 3845 pua
1254 3781 1411 3831 reiteraret

297 3864 466 3933 Opprianus,
481 3879 629 3931 perperam
639 3863 781 3931 irrepsisse
799 3870 849 3917 aut
865 3879 900 3917 00
915 3863 1005 3931 purior
1016 3865 1058 3916 est
1070 3863 1254 3931 1000600100
1266 3861 1409 3917 000000110-

292 3955 340 4003 tur
392 3948 428 4005 16
446 3964 509 4001 uero
521 3949 549 4002 P
560 3964 628 4003 eorr.
642 3965 656 4001 e
668 3948 746 4001 uerbo
800 3948 839 4005 20
856 3948 899 4002 161
915 3950 1033 4003 Vrsinus
1037 3970 1048 4016 ,·
1060 3956 1090 4003 61
1101 3967 1128 4003 u.
1142 3947 1224 4018 Oppr.
1238 3951 1264 4016 5,
1277 3953 1303 4016 7,
1316 3963 1409 4016 paam-

292 4051 374 4103 pnam
390 4035 429 4088 iti
444 4050 549 4103 quoqne
566 4034 670 4103 aliquot
692 4034 756 4087 edd.
787 4036 945 4103 penetinnm
961 4036 1063 4089 1010001
1126 4034 1164 4090 22
1181 4033 1255 4102 ‘quia
1275 4034 1347 4087 solus
1370 4033 1411 4086 est

292 4118 360 4174 11011
370 4122 402 4173 in
413 4120 495 4173 simili
506 4120 562 4173 1606
568 4120 736 4174 Lactantius
746 4121 768 4173 I.
782 4119 816 4173 D.
830 4121 853 4184 1,
867 4125 893 4187 6,
903 4123 921 4173 5
931 4121 966 4187 ef.
981 4121 1004 4185 1,
1016 4119 1060 4173 11‘
1076 4121 1181 4175 Vahlen
1228 4119 1266 4175 23
1278 4121 1411 4173 temanum

293 4204 408 4272 opineris
420 4204 444 4257 si
454 4221 544 4274 regem
555 4205 687 4258 carnalem
700 4220 769 4273 susp.
783 4206 838 4269 Pr;
852 4205 991 4259 6110011000
1002 4207 1137 4259 terrenum
1150 4211 1176 4260 01
1187 4204 1320 4259 carnalem
1336 4204 1410 4259 inui-

293 4304 350 4344 een
361 4290 530 4357 transposuit
546 4290 681 4358 Wopkens
