3050 4984
304 358 366 422 120
714 339 867 427 'Sulpicii
884 354 1003 410 Seueri

300 509 387 589 litas,
402 509 508 575 eadem
521 509 555 575 in
568 510 685 575 uestitu
698 510 764 575 eius
779 511 884 576 uilitas
898 512 978 577 erat:
1001 510 1098 592 adque
1112 509 1172 586 ita,
1192 508 1300 589 plenus
1314 501 1425 568 aucto·

300 612 402 677 ritatis
426 614 458 678 et
482 613 612 697 gratiae,
635 614 773 695 inplebat
791 615 924 697 episcopi
944 614 1142 698 dignitatem,
1172 611 1208 675 ut
1233 626 1293 673 non
1316 607 1426 670 tamen

271 715 489 798 apropositum
503 716 644 781 monachi
663 716 871 800 uirtutemque
897 718 1054 782 desereret.
1076 713 1254 798 aliquandiu
1273 726 1345 795 ergo
1366 708 1425 773 ad·

301 818 437 883 haerenti
455 819 495 883 ad
514 820 673 883 ecclesiam
692 820 803 885 cellula
823 839 896 885 usus
916 822 978 885 est:
1002 819 1072 885 dein
1093 837 1164 883 cum
1177 813 1424 898 inquietudinem

300 939 333 985 se
352 921 611 1004 frequentantium
632 922 710 987 ferro
729 942 790 987 non
808 925 925 1005 posset,
948 924 1066 987 duobus
1085 921 1148 986 fere
1162 920 1248 985 extra
1260 916 1425 982 ciuitatem
1451 939 1467 975 ⁵

271 1025 427 1092 amilibus
441 1026 660 1091 monasterium
674 1026 734 1090 sibi
748 1027 868 1091 statuit.
884 1027 936 1109 qui
951 1026 1035 1090 loeus
1049 1026 1115 1089 tam
1130 1023 1262 1087 sacrabis
1276 1020 1307 1084 et
1321 1034 1424 1083 remo-

301 1129 352 1192 tus
367 1129 446 1205 erat,
462 1130 498 1193 ut
511 1128 605 1192 eremi
620 1129 817 1194 solitudinem
831 1149 891 1194 uon
905 1129 1097 1194 desideraret.
1113 1145 1149 1191 er
1160 1142 1220 1190 uno
1233 1124 1317 1189 enim
1327 1121 1425 1186 latere

300 1230 434 1312 praecisa
468 1232 582 1296 montis
607 1232 716 1296 excelsi
741 1252 816 1315 rupe
847 1232 1053 1310 ambiebatur,
1086 1229 1236 1311 reliquam
1261 1224 1424 1308 planitiem

277 1376 281 1381 -
299 1332 392 1416 Liger
404 1332 518 1398 fluuius
528 1334 652 1399 reducto
662 1336 824 1416 paululum
835 1336 904 1400 sinu
916 1334 1079 1400 clauserat:
1095 1332 1288 1398 unatantum
1299 1328 1422 1393 eadem-

300 1454 359 1519 que
383 1437 450 1501 arta
469 1437 634 1502 admodum
654 1439 707 1503 uia
730 1440 810 1505 adiri
829 1440 958 1521 poterat.
981 1438 1045 1520 ipse
1070 1456 1105 1501 ex
1129 1435 1224 1520 lignis
1249 1432 1465 1497 contextamro

271 1538 444 1603 ocellulam
458 1539 603 1619 habebat,
626 1542 779 1624 multique
794 1562 829 1607 ex
843 1542 990 1607 fratribus
1005 1541 1038 1605 in
1053 1540 1182 1605 eundem
1197 1537 1339 1601 modum:
1355 1534 1422 1616 pla-

301 1641 388 1723 rique
401 1660 472 1707 saro
487 1644 648 1724 superiecti
662 1644 776 1709 montis
798 1646 904 1710 cauato
924 1644 1113 1727 receptacula
1133 1642 1193 1706 sibi
1208 1640 1348 1705 fecerant.
1372 1638 1422 1701 di·

302 1744 413 1826 selpuli
427 1745 489 1810 fera
503 1746 657 1829 octoginta
671 1748 772 1826 erant,
796 1747 849 1829 qui
864 1748 902 1812 ad
918 1748 1091 1829 exemplum
1105 1746 1188 1810 beati
1209 1741 1352 1827 magistri
1371 1741 1422 1805 in-

272 1846 516 1913 ostituebantur.
549 1868 637 1913 nemo
659 1850 704 1913 ibi
726 1850 891 1933 quicquam
911 1851 1068 1933 proprium
1089 1848 1236 1926 habebat,
1264 1844 1367 1909 omnia
1387 1844 1423 1907 in

302 1949 439 2014 medium
453 1950 690 2017 conferebantur.
712 1971 885 2019 uouemere
900 1954 954 2018 aut
968 1953 1114 2031 uendere,
1137 1952 1173 2015 ut
1186 1949 1338 2032 plerisque
1353 1964 1422 2011 mo·
1433 1970 1462 2008 ιδ

299 2052 404 2116 nachis
419 2055 513 2118 moris
528 2056 589 2133 est,
612 2056 776 2137 quicquam
790 2057 911 2135 licebat,
934 2074 982 2121 ars
1003 2056 1048 2120 ibi
1068 2054 1200 2137 exceptis
1223 2050 1422 2133 scriptoribus

300 2154 386 2219 nulla
399 2155 582 2235 habebatur,
598 2159 647 2221 oui
661 2159 766 2223 tamen
780 2160 863 2241 operi
877 2160 976 2224 minor
991 2160 1073 2224 aetas
1088 2156 1308 2239 deputabatur:
1324 2153 1422 2218 maic-

274 2274 348 2329 rres
363 2258 491 2324 orationi
505 2261 662 2326 uocabant.
685 2280 772 2326 rarus
787 2263 930 2345 cuiquam
944 2264 1030 2327 extra
1049 2262 1191 2326 cellulam
1212 2278 1299 2323 suam
1319 2274 1422 2341 egres·

303 2380 369 2439 sus,
384 2362 445 2427 nisi
460 2380 530 2427 oum
545 2365 584 2428 ad
597 2364 699 2429 locum
713 2366 860 2431 orationis
876 2366 1101 2430 conueniebant.
1124 2363 1228 2429 cibum
1242 2380 1303 2427 uua
1317 2376 1422 2424 omnes

300 2467 369 2546 post
394 2466 501 2531 horam
520 2467 628 2531 ieiunii
641 2468 838 2549 accipiebant.
860 2468 969 2532 uinum
982 2485 1071 2533 nemo
1091 2466 1231 2544 nouerat,
1254 2464 1315 2529 uisi
1330 2481 1463 2545 quemue

272 2568 463 2634 8infirmitas
478 2570 633 2653 coegisset.
650 2570 787 2652 plerique
802 2571 986 2635 camelorum
1001 2570 1093 2635 saetis
1104 2568 1327 2634 uestiobantur:
1342 2564 1423 2630 mol-

300 2669 358 2734 lior
379 2670 424 2734 ibi
448 2671 572 2735 habitus
592 2690 647 2753 pro
662 2672 789 2736 crimine
803 2674 875 2737 erat.
900 2674 980 2755 quod
1000 2691 1035 2738 oo
1056 2672 1156 2757 magis
1171 2671 1213 2735 sit
1233 2670 1348 2734 mirum
1368 2686 1423 2733 ne·

300 2790 381 2837 cesse
405 2775 467 2851 est,
497 2774 577 2856 quod
601 2775 695 2838 multi
720 2775 800 2839 inter
825 2794 875 2840 eos
900 2776 1018 2840 nobiles
1032 2775 1236 2852 habebantur,
1259 2774 1312 2855 qui
1333 2771 1423 2855 longe

300 2874 390 2939 aliter
409 2876 529 2940 educati
553 2876 592 2940 ad
616 2877 694 2940 hanc
718 2896 750 2941 se
770 2879 980 2943 humilitatem
1000 2881 1032 2943 et
1050 2874 1232 2961 patientiam
1247 2875 1422 2960 coegerant:

272 2977 461 3060 apluresque
475 2997 511 3043 er
525 2978 568 3043 eis
581 2980 688 3061 postea
702 2981 856 3063 episcopos
871 2982 1016 3047 uidimus.
1033 3001 1109 3064 quae
1124 2981 1206 3046 enim
1221 2980 1301 3045 esset
1311 2978 1424 3043 dirutas
1433 2996 1462 3040 aa

246 3086 255 3112 ¹
299 3081 355 3145 aut
368 3080 509 3161 ecclesia,
532 3100 609 3165 quae
622 3100 683 3148 non
702 3084 763 3148 sibi
784 3085 821 3149 de
841 3085 968 3150 Martini
982 3084 1165 3149 monasterio
1180 3084 1303 3165 cuperet
1323 3100 1423 3147 saeer-

301 3183 426 3250 dotem?

351 3390 557 3462 hepiscopiiF
573 3395 585 3461 ΙΙ
608 3395 699 3448 utem.
718 3396 745 3448 V
792 3395 902 3464 3ergo]
915 3410 977 3448 uero
992 3394 1014 3463 Q
1030 3394 1042 3461 ΙΙ
1059 3392 1245 3446 adhaerenter)
1297 3386 1425 3445 4deinde

300 3474 345 3529 Fe
399 3477 464 3536 bae
476 3478 548 3533 MV:
565 3496 614 3533 oca.
627 3480 701 3534 Ano
716 3482 728 3548 ll
744 3480 857 3534 ciuitate
873 3481 899 3534 V
947 3478 1055 3536 Verimi
1071 3479 1107 3546 V,
1120 3474 1290 3531 heremiAF
1345 3474 1426 3531 Θει-

300 3561 365 3615 celsi
377 3563 440 3619 ΒΜ
443 3565 477 3619 V:
490 3565 656 3619 excelsaAF
705 3568 741 3623 11
759 3566 890 3636 multique
900 3566 1000 3621 BMV:
1013 3564 1093 3619 multi
1104 3563 1210 3633 quidem
1219 3562 1291 3615 AFo
1310 3563 1322 3630 ΙΙ
1343 3577 1373 3614 ex
1388 3560 1424 3614 V:

301 3648 399 3704 eAFo
422 3652 435 3718 11
459 3650 487 3704 in
507 3650 764 3707 eundem-cauato
785 3669 833 3707 om.
855 3652 886 3707 F
898 3668 944 3720 pr.
965 3668 998 3705 m.
1088 3650 1124 3707 12
1144 3664 1205 3702 saro
1217 3648 1285 3716 (coc
1308 3664 1338 3701 ex
1352 3649 1426 3717 saro)

301 3736 445 3803 superteoti
465 3739 564 3791 montis
581 3753 646 3792 caua
665 3738 692 3793 V
753 3738 791 3796 13
808 3738 975 3793 lere'BMV:
994 3736 1139 3790 neroAFo
1191 3734 1426 3791 14inmedioFo

353 3821 390 3877 16
408 3822 550 3891 qnisquam
568 3824 675 3879 Feorr.
697 3827 761 3878 2m.
782 3840 816 3879 ecc
837 3824 961 3892 cuiquam
1014 3822 1050 3879 18
1063 3838 1138 3875 suam
1149 3820 1307 3890 ABFMQ:
1321 3836 1369 3873 om.
1386 3820 1425 3888 V,

300 3906 428 3962 fuitdctt.
437 3910 589 3976 pauceio
642 3909 678 3966 19
691 3910 782 3964 uniiA
833 3910 871 3966 21
884 3908 1118 3976 camellorumVll
1135 3907 1216 3961 saetis
1230 3907 1266 3960 V:
1279 3905 1426 3961 setisrldb

351 3993 389 4050 22
408 3993 505 4048 sitem.
522 3995 573 4063 Vll
589 3995 883 4049 mirandumduobboi
898 3994 979 4049 Gisel.
1033 3993 1072 4049 24
1089 3992 1192 4047 edocati
1208 3993 1235 4046 V
1283 3992 1321 4051 25
1334 3991 1373 4044 eis
1388 3991 1425 4045 V:

299 4076 343 4132 his
355 4080 428 4134 Arc
450 4080 462 4148 ΙΙ
484 4082 544 4151 post
555 4081 752 4150 episcopatopos
766 4081 803 4148 V,
815 4080 862 4135 sed
873 4081 913 4135 sic
924 4097 956 4134 m.
969 4081 990 4134 2
1001 4080 1034 4135 io
1044 4095 1147 4133 rasura
1157 4080 1280 4146 (practer
1291 4077 1425 4147 syllabam
1438 4100 1441 4107 ·

300 4168 459 4235 maenium)
536 4166 575 4223 26
592 4183 644 4220 non
656 4166 708 4219 sibi
720 4198 754 4205 -
767 4168 873 4236 cuperet
886 4165 1047 4220 sacerdotem
1059 4164 1159 4218 BMV:
1177 4180 1229 4217 non
1242 4163 1295 4217 sibi
1306 4162 1387 4233 (corr.
1410 4178 1426 4216 e

300 4252 340 4319 se)
351 4282 383 4288 —
395 4254 502 4320 cuperet
519 4252 666 4307 sacerdotes
683 4251 713 4322 Q,
726 4268 779 4307 non
790 4284 823 4292 -
835 4253 943 4320 cuperet
960 4250 1079 4305 sacerdos
1097 4250 1137 4313 A,
1161 4265 1214 4303 non
1231 4266 1304 4303 se-
1317 4250 1425 4318 cuperet

299 4335 448 4390 sacerdotes
459 4337 555 4392 habere
573 4338 618 4393 Fe
