3050 4984
515 345 628 404 chron.
647 345 684 409 11,
703 343 783 402 64.
1160 341 1203 408 63

91 502 165 568 initio
178 502 282 586 regni,
302 501 467 586 propositis
481 501 603 585 publice
617 500 742 578 edictis,
764 500 819 566 dat
833 500 1021 583 potestatem
1034 495 1157 562 ludaeis
1171 494 1204 560 in

90 606 173 670 solum
186 604 328 688 patrium
343 604 498 682 redeundi,
523 621 610 670 sacra
624 603 720 670 etiam
735 620 819 679 uasa,
835 620 913 684 quae
926 598 1204 666 Nabuchodonosor

90 709 118 773 de
135 707 247 790 templo
268 707 503 790 Hierosolymae
524 705 711 784 abstulerat,
734 703 879 770 reddidit.
903 702 1008 784 itaque
1028 700 1120 784 pauci
1135 702 1204 765 tum

89 811 268 876 inludaeam
283 809 431 894 regressi:
447 809 556 876 ceteris
571 808 718 876 redeundi
733 806 856 874 enimus
870 825 910 871 an
923 803 1057 870 facultas
1071 801 1204 869 defuerit

75 933 182 996 sparum
193 912 410 996 comperimus.
427 914 494 978 eret
504 931 540 978 ea
551 913 736 995 tempestate
751 910 833 993 apud
843 906 1030 992 Babylonios
1040 906 1110 970 Beli
1120 904 1232 971 anti-3

89 1014 213 1095 quissimi
224 1014 321 1098 regis,
333 1014 421 1080 cuius
432 1014 529 1081 etiam
539 1013 691 1098 Virgilius
702 1011 856 1090 meminit,
868 1030 904 1076 ex
919 1028 978 1076 aere
992 1008 1203 1084 simulacrum,

89 1117 154 1198 qnod
172 1117 395 1200 superstitione
414 1116 575 1182 hominum
595 1117 806 1182 eomecratum
820 1112 918 1198 Cyrus
937 1130 1057 1196 qnoque
1078 1111 1204 1176 adorare

89 1219 280 1298 catamitus,
297 1219 477 1286 antistitum
491 1219 557 1286 eius
572 1220 641 1285 dolo
656 1219 783 1296 illimus,
798 1217 853 1301 qui
866 1215 951 1282 uesci
966 1214 1101 1299 effigiem
1115 1213 1204 1278 illam

89 1323 165 1402 abne
178 1323 288 1404 potare
304 1321 511 1400 affirmabant,
524 1341 595 1388 cum
609 1320 754 1386 diurnam
768 1319 1014 1404 pensitationem,
1030 1335 1108 1400 quae
1122 1315 1203 1381 idolo

67 1422 271 1503 remittebatur,
285 1425 368 1492 clam
379 1424 440 1508 ipsi
454 1424 659 1491 absumerent.
675 1421 878 1508 igiturOyrus
890 1440 961 1487 oum
968 1419 1098 1486 Daniele
1110 1417 1234 1485 fami-4

90 1525 192 1592 liniter
205 1529 365 1607 uteretur,
397 1527 518 1610 quaerit
538 1528 577 1592 ab
595 1545 645 1606 eo,
676 1545 731 1592 cur
751 1525 952 1590 simulacrum
971 1541 1033 1588 non
1051 1523 1202 1599 adoraret,

90 1647 145 1692 cum
157 1629 362 1696 manifestum
376 1631 512 1696 uiuentis
522 1630 581 1695 Dei
596 1631 676 1696 esset
690 1628 850 1705 indicium,
863 1626 1053 1693 absumentis
1068 1645 1113 1705 ea,
1125 1642 1204 1707 quae

91 1730 293 1798 inferebantur.
310 1732 422 1800 Daniel
436 1733 538 1799 ridens
552 1732 686 1798 hominis
700 1749 834 1798 errorem
850 1749 963 1814 negare
977 1730 1010 1795 id
1025 1747 1112 1813 posse
1125 1727 1232 1806 fieris

91 1834 117 1898 nt
128 1852 174 1898 aes
187 1834 285 1914 illud,
302 1835 336 1902 id
350 1837 397 1901 est
411 1835 503 1904 bruta
517 1835 680 1914 materies,
702 1835 771 1899 eibo
784 1837 925 1900 uteretur
939 1835 994 1898 ant
1008 1834 1093 1916 potu.
1110 1830 1204 1896 acciri

71 1953 149 2018 sergo
162 1956 212 2002 rex
226 1937 402 2004 sacerdotes
416 1938 503 2004 iubet
518 1939 604 2024 (nam
618 1937 682 2004 fere
697 1938 737 2004 ad
752 1937 950 2022 septuaginta
965 1936 1065 2020 erant)
1080 1933 1204 2001 adhibi·

92 2037 166 2119 toque
179 2059 229 2104 eos
243 2043 364 2107 terrore
378 2041 553 2125 increpitet,
569 2041 637 2124 quis
652 2041 781 2124 inpensa
794 2042 995 2118 consumeret,
1011 2058 1082 2104 cum
1092 2035 1204 2105 Daniel

93 2139 130 2203 nir
147 2142 312 2224 pmdentia
332 2143 461 2227 insignis
483 2143 612 2210 minime
633 2144 666 2208 id
687 2144 725 2210 ab
745 2142 918 2208 insensibili
937 2142 1101 2208 simulacro
1115 2160 1204 2226 posse

92 2239 144 2306 ieri
156 2247 361 2312 contenderet.
378 2249 446 2312 turn
461 2246 510 2310 illi
524 2246 822 2331 oonfisiparatodolo
837 2249 925 2311 sueta
932 2245 1039 2311 inferri
1054 2248 1086 2310 et
1100 2244 1233 2328 obsig·o

94 2345 146 2408 nari
162 2365 179 2411 a
197 2367 271 2432 rege
293 2348 446 2432 templum
467 2350 649 2433 deposcunt,
671 2349 734 2426 uti,
754 2348 816 2414 nisi
831 2348 934 2414 omnia
948 2350 1069 2431 postero
1084 2347 1135 2412 die
1149 2346 1204 2411 ab·

72 2451 197 2531 asumpta
211 2451 522 2535 deprehenderentur,
537 2454 636 2518 morte
650 2470 762 2535 poenas
777 2450 995 2534 persoluerent,
1007 2450 1083 2514 dum
1097 2448 1205 2515 eadem

94 2550 206 2616 conditio
220 2553 354 2620 Daniele
369 2557 515 2620 maneret.
533 2555 638 2638 itaque
652 2555 740 2638 signo
756 2554 838 2638 regis
849 2554 1002 2637 templum
1013 2552 1203 2636 obsignatur,
1216 2566 1232 2621 '1

96 2669 150 2716 oum
167 2655 250 2736 prius
265 2655 381 2722 Daniel
400 2656 610 2722 sacerdotibus
631 2657 735 2722 insciis
756 2657 972 2741 pauimentum
986 2656 1085 2722 cinere
1100 2673 1204 2738 asper·

95 2752 181 2834 sisset,
201 2761 237 2824 ut
253 2759 479 2824 introeuntium
494 2759 629 2825 occultos
644 2760 748 2826 aditus
763 2760 898 2844 uestigia
912 2761 1083 2842 proderent.
1107 2758 1206 2843 igitur

96 2857 195 2934 postem
215 2861 266 2926 die
282 2879 336 2926 rex
350 2861 502 2943 templum
517 2861 673 2946 ingressus
688 2861 911 2928 animaduertit
925 2862 1105 2946 absumpta,
1128 2879 1206 2944 qnae

73 2967 89 3008 e
96 2953 160 3022 idolo
173 2963 285 3046 apponi
299 2964 440 3030 iusserat.
457 2966 526 3030 tum
534 2965 646 3030 Daniel
661 2965 815 3030 occultam
821 2963 963 3031 fraudem
977 2964 1120 3048 uestigiis
1134 2969 1234 3048 pro-8

97 3057 218 3130 dentibus
232 3068 365 3144 reserat,
381 3067 553 3132 sacerdotes
567 3086 639 3134 cum
654 3067 799 3133 uxoribus
814 3070 846 3132 et
859 3068 948 3147 filiis,
970 3067 1108 3134 subfosso
1124 3066 1206 3132 sora-

96 3161 162 3228 nine
180 3165 349 3252 ingressos,
378 3187 413 3234 ea
435 3188 513 3250 qnae
535 3169 616 3235 idolo
644 3169 786 3253 apposita
812 3169 934 3236 fuerant
961 3171 1131 3236 denotasse.
1160 3170 1207 3234 ite

98 3277 182 3330 omnes
195 3269 281 3336 iussu
301 3270 382 3356 regis
397 3271 567 3349 interfecti,
588 3272 741 3355 templum
756 3291 792 3337 ac
805 3272 1006 3338 simulacrum
1019 3271 1161 3338 motolo
1173 3272 1207 3336 in

98 3367 263 3444 potetatem
277 3372 387 3438 datum
402 3376 494 3456 atque
509 3374 638 3440 arbitrio
654 3374 719 3440 eius
734 3375 884 3441 dirutum.

75 3482 92 3522 u
132 3468 240 3540 lnterea
266 3475 388 3553 Iudaei,
421 3494 496 3558 qnos
522 3495 557 3542 er
582 3477 733 3560 permissu
748 3476 821 3560 Cyri
846 3478 879 3542 in
903 3479 1039 3561 patriam
1053 3485 1235 3563 regressost

99 3583 174 3652 supra
191 3577 445 3656 memorabimus,
467 3579 574 3644 urbem
595 3598 630 3644 ae
651 3580 804 3663 templum
818 3581 981 3648 restituere
995 3581 1148 3666 aggressi,
1170 3582 1206 3645 ut

183 3776 279 3835 delen.
298 3781 321 3845 Ι,
341 3781 405 3838 729.
442 3782 482 3840 30
499 3781 527 3836 Π
545 3781 604 3836 Par.
625 3783 670 3840 36.

140 3962 279 4024 ldctnerat
292 3969 319 4024 P
364 3969 496 4028 ortelio:
509 3971 620 4025 bellaP
665 3971 1065 4043 deuius-meminitSipcm'o
1077 3973 1206 4042 glossema

103 4043 226 4106 odotem
287 4054 325 4111 10
342 4053 481 4110 Danieleb
547 4057 584 4113 14
601 4059 632 4110 nt
647 4059 651 4124 Ι
667 4059 698 4110 nt
714 4057 862 4112 eailludP
883 4061 895 4127 ΙΙ
917 4059 1005 4129 aceyri
1017 4059 1055 4124 P,
1074 4057 1205 4112 accersi-b

143 4132 174 4188 18
190 4139 262 4192 sueta
274 4140 313 4194 P:
331 4155 379 4194 om.
394 4141 426 4209 b;
444 4141 551 4210 aliquid
563 4142 652 4196 deesse
664 4149 735 4198 recte
753 4143 878 4198 Vorstiree
887 4150 1011 4198 serasera
1032 4145 1044 4211 ΙΙ
1068 4142 1162 4198 inferri
1181 4145 1208 4198 P

105 4215 263 4278 euentus:
281 4224 413 4280 inferreb
482 4227 679 4284 albiniono
758 4229 797 4286 23
816 4229 918 4283 nes'tia
935 4230 963 4283 P
1038 4228 1076 4287 28
1094 4229 1207 4286 Daniele

104 4310 142 4352 Ob·
154 4304 186 4370 P,
204 4308 335 4365 Danielib
389 4311 426 4368 31
445 4314 602 4368 restnereP
