3050 4984
692 340 838 409 Sulpicii
861 341 977 394 Seueri

556 1225 1096 1325 oflsooloosvlu

572 1542 574 1548 7
646 1451 772 1516 umus
793 1450 1015 1518 saevusve.

236 1637 250 1700 1
308 1588 512 1706 Captiuitatis
542 1623 680 1704 tempora
710 1624 928 1706 prophetarum
963 1624 1119 1690 uaticiniis
1148 1626 1239 1707 atque
1270 1625 1393 1690 actibus

246 1726 418 1792 illustrata
446 1727 544 1802 sunt,¹
559 1726 752 1808 maximeque
773 1726 912 1791 Danielis
939 1727 1063 1811 egregia
1089 1729 1129 1792 ad
1154 1729 1394 1794 consumendam

260 1831 363 1912 legem
382 1829 605 1911 perseuerantia
626 1831 657 1892 et
691 1829 725 1892 in
753 1829 942 1895 absolutione
970 1829 1123 1896 Susanuao
1145 1831 1250 1896 diuino
1263 1831 1391 1896 consilio

233 1947 252 2000 a
264 1932 431 2014 ceterisque
445 1932 483 1996 ab
499 1949 535 1996 eo
549 1931 654 2014 gestis,
664 1949 741 2013 quae
751 1932 816 1996 iam
827 1933 931 1997 ordino
940 1951 1165 2014 persequemur.
1181 1934 1233 1998 bic
1245 1934 1303 1997 sub
1317 1953 1391 2018 rege

263 2035 401 2099 Ioaehim
422 2036 529 2116 eaptus
549 2034 757 2116 deductusque
780 2035 970 2118 Babylonem
989 2054 1103 2118 paruus
1117 2037 1284 2101 admodum
1297 2056 1390 2118 puer:
1413 2053 1429 2092 ⁵

261 2138 367 2219 postea
393 2137 431 2201 ob
460 2137 644 2220 elegantiam
671 2137 778 2202 uultus
799 2138 880 2202 inter
901 2139 1058 2203 ministros
1079 2140 1179 2224 regios
1200 2142 1388 2222 assumptus,

191 2239 199 2258 ‘
232 2259 380 2323 annaque
403 2259 473 2306 cum
495 2258 530 2305 eo
552 2240 724 2318 Ameriae,
746 2241 857 2305 Misael
878 2243 910 2306 et
931 2241 1066 2307 Azanes.
1095 2243 1149 2306 sed
1170 2261 1242 2307 curn
1263 2261 1314 2308 eos
1335 2263 1389 2308 rex

260 2344 489 2409 delicatioribus
511 2343 587 2408 cibis
609 2345 708 2408 curari
729 2344 932 2427 praecepisset
952 2345 1045 2427 idque
1066 2344 1229 2427 Asphanae
1250 2347 1388 2411 eunucho

260 2447 375 2532 negotii
395 2447 543 2524 dedisset,
565 2447 676 2512 Daniel
694 2449 891 2528 paternarum
915 2447 1118 2512 traditionum
1137 2467 1270 2527 mernor,
1292 2469 1330 2514 ne
1349 2468 1388 2513 ex

259 2569 364 2615 mensu
378 2551 459 2634 regis
474 2551 639 2633 gentilium
654 2549 730 2614 cibis
745 2550 955 2631 participaret,
978 2551 1116 2632 poposcit
1129 2552 1168 2616 ab
1182 2552 1334 2630 eunucho,
1350 2554 1388 2616 nt
1396 2566 1423 2605 1⁰

231 2652 467 2736 lleguminibus
478 2653 601 2716 tantum
611 2653 779 2716 uterentur.
792 2653 934 2716 causante
941 2652 1095 2734 Asphane,
1106 2672 1144 2718 ne
1156 2654 1389 2719 dissimulatum

259 2754 432 2836 imperium*
444 2755 525 2837 regis
546 2754 743 2818 consecutura
762 2755 875 2820 macies
894 2756 1049 2836 proderet,
1075 2757 1186 2822 Daniel
1205 2758 1271 2823 Deo
1290 2757 1389 2822 fretus

259 2856 421 2938 pollicetur
442 2857 567 2922 maioris
588 2856 705 2921 decoris
733 2858 793 2921 sibi
820 2858 928 2922 uultus
949 2878 986 2923 ex
1007 2859 1215 2944 leguminibus
1236 2879 1330 2943 quam
1351 2879 1389 2926 ex

261 2959 337 3023 cibis
352 2959 446 3044 regiis
461 2959 534 3024 fore.
550 2960 686 3042 fidesque
700 2960 792 3026 dictis
807 2961 905 3038 affuit,
917 2962 963 3026 ita
976 2963 1012 3026 ut
1025 2963 1154 3028 minime
1164 2981 1269 3027 eorum
1280 2962 1387 3026 uultus

260 3063 478 3144 comparabiles
493 3063 690 3141 haberentur,
712 3064 765 3145 qui
780 3064 990 3146 imperialibus
1004 3065 1169 3147 impendiis
1183 3065 1387 3147 procuraban·
1397 3079 1422 3119 1⁵

258 3165 318 3228 tur.
342 3165 441 3248 igitur
462 3185 480 3230 a
501 3183 572 3249 rego
594 3166 627 3229 in
648 3166 793 3231 honorem
814 3168 846 3231 et
865 3167 999 3251 gretiam
1018 3168 1151 3232 adhibiti
1170 3169 1333 3249 prudentia
1353 3169 1386 3234 ot

361 3370 463 3425 'lDan
485 3369 509 3425 1.

308 3541 326 3597 2
344 3541 480 3610 egregiam
497 3573 530 3579 -
547 3541 774 3610 perseuerantiam
791 3543 830 3607 P,
853 3559 900 3596 em.
920 3543 954 3598 de
971 3543 1060 3597 Proto
1076 3543 1204 3612 (Maxime
1219 3544 1313 3613 itaque
1330 3545 1385 3598 Da·

256 3625 336 3680 nielis
363 3627 498 3696 egregiam
524 3627 558 3680 ad
583 3643 604 3681 c.
623 3627 641 3680 l.
659 3628 897 3696 perseuerantiam,
930 3630 958 3681 et
980 3628 1009 3681 in
1032 3628 1225 3684 absolutionem
1248 3630 1273 3684 S.
1292 3630 1385 3684 diuino

256 3711 378 3776 consilio,
397 3713 552 3780 caeteraque
564 3712 598 3766 eb
611 3729 640 3766 eo
651 3715 728 3782 gesta
740 3713 831 3767 ordine
842 3729 1029 3783 persequemur
1046 3716 1073 3784 b)
1133 3715 1151 3772 3
1170 3716 1337 3770 absolutione
1349 3718 1383 3780 P,

255 3813 304 3852 ern.
315 3798 484 3866 Hofmereter
492 3805 518 3852 et
527 3799 561 3852 dc
569 3800 658 3852 Proto
674 3800 686 3867 ΙΙ
703 3815 829 3852 suesanne
839 3801 867 3853 P
916 3800 937 3855 4
949 3815 1015 3868 quae
1026 3800 1082 3853 iam
1089 3801 1182 3854 ordine
1192 3803 1304 3871 scripsi:
1316 3818 1385 3870 quae

255 3883 285 3938 in
301 3885 392 3939 ordine
416 3887 443 3939 P
517 3885 535 3942 5
553 3883 656 3939 Joacirn
679 3885 810 3954 &penius
832 3886 844 3953 ΙΙ
866 3885 1026 3939 babalonam
1048 3887 1075 3940 P
1137 3886 1334 3956 deligentium
1356 3889 1386 3941 P

300 3970 319 4026 7
331 3970 450 4025 Manias
462 3970 490 4036 b,
508 3971 572 4024 stem
584 3971 664 4037 infra
676 3988 696 4025 c.
711 3974 729 4024 3
775 3969 794 4026 8
806 3970 996 4024 delicatoribus
1008 3973 1036 4025 P
1050 3974 1063 4040 ΙΙ
1078 3972 1197 4041 asphane
1208 3973 1345 4027 eununcho
1357 3975 1386 4027 P

255 4055 274 4112 9
291 4057 441 4125 patriarum
459 4057 602 4125 stipendus,
621 4063 651 4110 ut
662 4073 687 4110 o.
707 4057 749 4124 II,
767 4059 844 4124 12,6
866 4058 878 4124 ΙΙ
900 4072 992 4111 memo.
1006 4074 1038 4111 ne
1059 4059 1087 4111 P
1159 4059 1195 4116 11
1213 4061 1384 4113 noscerentur

255 4141 387 4211 &porcius
403 4145 415 4212 ll
432 4143 566 4212 asphanen
578 4143 606 4196 P
659 4142 696 4199 13
713 4142 801 4195 maius
813 4143 841 4195 P
893 4142 930 4200 16
948 4142 1119 4198 inhonorem
1137 4146 1164 4197 et
1181 4145 1299 4213 gratiam
1316 4160 1381 4201 uos:

254 4227 396 4281 inhonore
414 4231 442 4282 et
458 4228 548 4298 gretia
566 4229 623 4298 (sed
641 4228 731 4297 gratia
749 4243 783 4282 cc
791 4226 882 4296 gretia
893 4244 996 4282 raama
1007 4229 1124 4298 fuctuosa)
1136 4231 1175 4294 P,
1194 4229 1223 4283 in
1239 4230 1338 4284 honore
1349 4232 1378 4284 et
