3050 4984
294 363 336 428 26
714 364 860 434 Sulpicii
884 363 1000 418 Seueri

294 517 327 581 id
352 517 442 582 modo
467 520 673 584 annotandum
697 521 887 597 ourauimus,
913 537 963 583 xx
983 520 1016 584 et
1035 536 1145 583 nouem
1169 537 1263 602 regna
1286 516 1417 598 imperio

294 619 502 685 Hebraeorum
512 621 671 687 :subiectaz
693 639 823 704 quorum
842 623 924 686 tana
941 640 996 704 per
1015 621 1156 686 undeoim
1175 621 1276 685 tribus
1294 619 1416 685 uiritim

294 723 460 789 distributa
473 725 529 790 est.
544 724 662 790 Leuitis
676 725 758 790 enim
772 724 806 790 in
820 725 1023 789 sacerdotium
1037 724 1204 806 assumptis
1216 723 1303 788 nrrlla
1315 722 1415 804 portio

266 825 380 905 adata,
402 843 461 908 quo
475 827 602 892 liberius
615 827 766 893 seruirent
778 829 853 893 Deo.
874 827 1016 909 equidem
1035 827 1093 891 boe
1106 825 1278 908 exemplum
1292 843 1353 890 non
1365 826 1415 889 ta·

294 929 373 994 oitus
398 930 618 1012 praeterierim,
644 930 867 1014 legendumque
891 930 1042 995 ministris
1066 929 1262 994 ecelesiarum
1285 928 1417 993 libenter
1441 945 1458 985 s

219 1044 222 1055 ·
294 1032 482 1116 ingesserim.
506 1034 620 1098 etenim
640 1034 793 1116 praesepti
812 1033 905 1098 huius
925 1051 986 1098 non
1006 1032 1106 1098 solum
1127 1033 1336 1109 immemores,
1362 1030 1416 1094 sed

294 1135 389 1200 etiarn
404 1136 503 1219 ignari
517 1136 595 1200 mibi
609 1136 768 1202 uidentur:
788 1137 877 1201 tanta
889 1137 947 1200 boe
959 1137 1095 1218 tempore
1108 1135 1227 1200 animos
1240 1152 1346 1198 eorum
1359 1133 1416 1197 ba-

295 1237 386 1302 bendi
401 1238 509 1321 cupido
523 1239 621 1304 ueluti
635 1240 720 1303 tabes
734 1239 869 1304 incessit.
892 1239 1011 1304 inhiant
1024 1237 1278 1321 possessionibus,
1293 1235 1418 1318 praedia

160 1413 164 1420 q
294 1341 449 1420 exoolunt,
470 1360 542 1406 auro
557 1341 716 1420 incubant,
737 1343 845 1407 emunt
858 1342 1067 1424 penduntque,
1088 1340 1228 1423 quaestui
1246 1337 1418 1422 peremnia

267 1443 427 1509 estudent.
452 1445 485 1508 at
505 1444 531 1508 si
552 1444 605 1526 qui
626 1444 761 1508 melioris
776 1444 923 1526 propositi
945 1444 1103 1522 uidentur,
1118 1461 1215 1526 neque
1227 1442 1417 1525 possidentes
1427 1457 1458 1498 ιο

293 1565 390 1628 neque
401 1546 598 1630 negotiantes,
614 1547 694 1628 quod
705 1547 752 1610 est
762 1546 862 1611 multo
873 1547 1003 1628 turpius,
1018 1547 1155 1612 mdentes
1169 1563 1296 1610 munera
1308 1561 1417 1626 arpeo-

294 1649 376 1727 taut,
398 1649 488 1731 arque
510 1667 598 1713 omne
620 1649 701 1714 uitae
723 1649 813 1735 deous
834 1648 971 1714 mercede
992 1649 1169 1731 corruptum
1189 1648 1318 1725 babent,
1339 1647 1418 1710 dnm

267 1751 384 1833 rquasi
399 1751 538 1817 uenaiom
563 1751 737 1833 praeferunt
762 1751 967 1817 sanctitatem.
993 1752 1047 1816 sed
1070 1751 1192 1835 longius
1216 1769 1309 1833 quam
1328 1749 1416 1814 nolui

293 1871 433 1937 egressus
448 1871 531 1932 sum,
554 1854 630 1918 dum
644 1872 693 1918 me
708 1855 880 1936 temporum
894 1855 1067 1919 nostrorum
1080 1854 1167 1938 piget
1180 1853 1355 1935 taedetque:
1375 1851 1418 1916 ad

293 1955 449 2036 inceptum
470 1955 567 2020 redeo.
590 1956 702 2039 igitur,
723 1957 759 2021 ut
778 1975 871 2038 snpra
890 1957 968 2035 diri,
989 1956 1089 2022 diuiso
1107 1975 1161 2038 per
1180 1956 1280 2020 tribus
1294 1953 1456 2036 eaptiuore

292 2057 372 2135 solo,
393 2076 466 2139 paee
486 2077 607 2122 summa
621 2059 752 2124 Hebraei
772 2060 1018 2141 perfruebantur,
1039 2059 1180 2124 finitimis
1199 2058 1279 2122 bello
1297 2056 1417 2122 territis

184 2173 188 2180 ’
264 2160 341 2225 etot
354 2160 491 2225 nistoriis
511 2161 627 2226 nobiles
647 2162 740 2226 armis
759 2164 918 2245 temptare.
940 2162 1047 2227 eodem
1060 2163 1160 2226 traam
1175 2161 1262 2226 Iesus
1275 2160 1416 2226 mortuus

294 2263 350 2342 est,
366 2281 443 2328 anno
458 2264 567 2328 aetatis
582 2263 699 2328 decimo
714 2265 745 2329 et
760 2266 932 2330 centesimo.
948 2266 987 2330 de
1000 2264 1123 2347 imperii
1136 2266 1240 2329 autem
1254 2263 1320 2328 eius
1333 2264 1416 2328 tem·

292 2383 364 2448 pore
383 2384 492 2449 parem
513 2366 638 2432 definio:
661 2366 802 2450 frequens
820 2369 925 2433 tamur
945 2367 1045 2450 opinio
1065 2369 1126 2447 est,
1147 2385 1197 2432 xx
1211 2367 1243 2430 et
1257 2384 1308 2430 vn
1327 2365 1417 2430 annis

291 2487 363 2534 eum
377 2469 524 2535 Hebraeis
544 2468 719 2551 praefuisse.
743 2471 824 2553 quod
844 2471 871 2535 si
885 2471 931 2535 ita
944 2472 1005 2549 est,
1026 2470 1166 2536 emundi
1181 2468 1301 2534 exordio
1315 2468 1349 2534 in
1362 2487 1455 2534 er-ee

291 2589 412 2636 eessunr
426 2572 491 2637 eius
506 2574 578 2638 anni
592 2573 663 2638 sunt
673 2561 718 2638 ffr
733 2591 757 2636 n
772 2589 835 2636 ooo
849 2591 947 2636 nxxx
962 2573 994 2637 et
1006 2591 1071 2638 mr.

241 2683 282 2745 24
335 2675 406 2738 Iesu
420 2675 540 2738 mortuo
555 2675 685 2757 populus
700 2675 765 2740 sine
779 2675 855 2739 duee
869 2674 988 2759 agebat,
1011 2675 1065 2739 sed
1084 2688 1156 2740 oum
1174 2674 1320 2740 aduersus
1334 2672 1417 2739 Oba-

291 2793 420 2842 napaeos
445 2775 621 2841 bellandum
649 2778 737 2856 esset,
767 2777 830 2841 dux
851 2777 923 2842 belli
943 2778 1036 2843 Iudas
1055 2779 1231 2860 assumptus
1251 2778 1306 2842 ost.
1322 2776 1417 2841 huius

293 2877 388 2942 ductu
414 2895 461 2942 res
482 2896 621 2961 prospere
651 2881 770 2964 gestae:
802 2881 886 2946 domi
907 2880 1098 2964 militiaeque
1119 2899 1276 2946 summurn
1298 2880 1416 2946 otiumz

290 2980 421 3063 populus
435 2981 569 3046 subaotis
580 2982 634 3047 aut
645 3000 698 3064 per
709 2982 895 3048 deditionem
908 2984 1039 3066 aeeeptis
1049 2983 1193 3069 gentibus
1206 2982 1416 3064 imperitabat.
1425 3005 1453 3048 re

261 3082 375 3162 ainde,
397 3084 433 3147 ut
453 3101 570 3166 semper
590 3084 656 3149 fieri
676 3085 816 3151 secundis
830 3085 919 3150 rebus
934 3086 1026 3165 solet,
1041 3104 1163 3151 morum
1177 3085 1417 3167 disciplinaeque

290 3185 452 3251 immemor
476 3187 672 3252 matrimonia
692 3207 728 3252 er
748 3189 841 3253 metis
865 3207 1018 3254 assumere
1042 3189 1252 3271 paulatimque
1276 3188 1416 3252 externos

290 3307 388 3354 meres
408 3290 527 3355 trabere
547 3309 582 3355 ae
601 3308 672 3356 mor
685 3291 810 3373 profano
823 3290 889 3356 ritu
902 3290 992 3355 idolis
1007 3291 1174 3356 saorifiome
1188 3290 1318 3372 oeoepit:
1339 3289 1416 3354 adeo

395 3509 413 3568 3
430 3510 484 3566 Jos.
505 3510 549 3568 13.
570 3526 625 3581 sqq.
664 3511 701 3571 15
718 3509 773 3566 Jos.
792 3510 838 3569 23.
858 3510 904 3568 24.
941 3511 979 3568 22
997 3511 1058 3567 Jud.
1078 3512 1103 3567 1.

339 3715 356 3772 1
375 3731 448 3772 xm
466 3716 596 3786 Quoius
612 3717 669 3772 ooli.
689 3716 745 3772 Jos.
765 3719 810 3785 12,
828 3720 873 3772 24.
935 3717 955 3774 2
972 3719 1046 3772 terra
1055 3733 1103 3786 per
1114 3717 1236 3772 undecim
1246 3717 1335 3772 tribus
1347 3715 1414 3772 uiri-

285 3801 338 3858 tim
358 3803 388 3856 b:
406 3800 462 3856 trib
468 3821 475 3866 ;
487 3818 534 3871 per
550 3801 671 3856 undecim
687 3802 775 3857 tribus
792 3802 922 3856 uirtutem
939 3804 980 3872 P;
998 3819 1095 3858 uram
1111 3811 1172 3858 erat
1187 3821 1234 3873 per
1253 3820 1299 3858 111
1314 3803 1411 3868 tribus,

285 3887 333 3942 sed
344 3888 543 3944 atdetorerror
553 3888 641 3956 epotus
651 3887 746 3942 orons
793 3887 1006 3944 Gimmoemores
1018 3889 1047 3944 P
1100 3889 1237 3946 ilabondi
1248 3890 1277 3945 P
1322 3891 1360 3949 15
1371 3889 1413 3944 in·

286 3977 407 4043 ooeptum
419 3974 461 4028 Pb
509 3973 545 4029 17
558 3974 640 4026 arrnis
649 3973 754 4028 nemine
764 3973 877 4028 audente
885 3975 1280 4044 tontarebeae'aterpotatioue
1295 3977 1307 4044 ΙΙ
1322 3977 1413 4030 traetu

284 4059 412 4130 temporis
428 4060 545 4140 mdabat
561 4059 595 4112 de
607 4060 709 4127 Proto,
727 4061 876 4128 temporum
886 4061 977 4114 traetu
994 4061 1087 4116 Voaet
1102 4063 1159 4116 ooli.
1179 4063 1204 4129 1,
1221 4065 1263 4116 13.
1281 4062 1325 4128 H,
1343 4065 1366 4116 5.
1385 4064 1413 4115 9·

284 4147 327 4198 12.
342 4149 385 4199 33,
439 4145 476 4202 21
495 4159 532 4200 111
545 4145 585 4214 P,
602 4150 635 4199 at
651 4145 720 4199 corti.
733 4144 888 4200 Gaetissoe:
905 4146 956 4200 rub
1008 4146 1046 4203 22
1057 4146 1205 4202 chananeos
1220 4149 1247 4202 P
1291 4147 1331 4203 23
1342 4146 1413 4200 Juda

287 4231 355 4284 eoru.
369 4231 506 4300 Damius,
524 4231 654 4300 quoniam
671 4228 705 4284 de
722 4231 798 4285 trabe
813 4245 899 4286 senno
917 4237 956 4286 oet
1008 4231 1046 4290 25
1064 4232 1177 4302 populus
1195 4235 1244 4286 aut
1261 4231 1380 4287 subeatis
1397 4231 1413 4288 b

336 4315 374 4372 27
393 4331 525 4370 assumere
537 4317 567 4371 b:
586 4331 750 4384 assumpsere
763 4317 791 4369 P
