3050 4984
244 324 286 389 36
663 320 804 385 Minucii
821 318 945 373 Felicis

190 492 194 498 ·
245 475 412 542 sceleribus
427 476 598 541 adolescere
613 493 684 540 eum
696 474 829 541 Romulo
844 474 970 559 regibus
987 474 1096 539 ceteris
1117 475 1149 539 61
1163 474 1293 557 posteris
1314 473 1377 538 dn-

131 583 132 590 ’
217 579 332 650 eribus
347 578 509 660 disciplina
524 578 694 643 communis
711 578 766 643 est.
800 577 847 642 ita
861 577 1008 659 quicquid
1022 577 1154 642 Romani
1174 577 1297 655 tenent,
1320 594 1373 640 co-

245 683 329 761 lunt,
345 680 515 764 possident,
531 681 675 746 audaciae
690 680 805 764 praeda
820 682 882 745 est:
898 680 1017 763 templa
1028 679 1131 744 omnia
1151 679 1189 745 de
1204 677 1371 756 manubiis

245 784 278 850 id
294 784 392 849 66116
407 784 505 848 ruinis
519 784 662 861 urbium,
679 784 716 848 de
731 783 838 866 spoliis
850 783 990 861 deorum,
1018 782 1055 847 de
1070 782 1214 847 caedibus
1229 782 1373 847 sacerdo·

217 906 219 911 ·
243 887 327 951 tum:
339 886 396 952 hoc
407 886 556 952 insultare
566 887 597 951 et
607 886 749 951 inludere
761 887 825 965 661,
841 886 936 950 616116
947 885 1148 969 religionibus
1160 885 1285 965 seruire,
1298 903 1398 967 cap-s

244 989 327 1055 tinas
341 1008 392 1055 eas
407 991 475 1072 post
489 990 636 1055 uictorias
657 991 793 1055 adorare.
811 1009 885 1055 nam
901 989 1027 1054 adorare
1049 1007 1127 1072 quae
1139 1009 1233 1054 manu
1245 988 1371 1070 ceperis,

217 1092 441 1177 osacrilegium
456 1094 503 1158 661
518 1110 700 1170 consecrare,
716 1110 776 1157 non
790 1092 927 1157 numina.
944 1092 1058 1157 totiens
1073 1110 1145 1176 ergo
1160 1092 1307 1157 Romanis
1321 1092 1373 1156 in-

184 1276 186 1283 ‚
244 1194 364 1278 piatum
379 1197 426 1261 661
440 1195 581 1278 quotiens
596 1195 834 1277 triumphatum,
850 1196 898 1260 tot
913 1194 951 1260 de
965 1195 1026 1259 diis
1041 1196 1139 1278 spolia
1154 1196 1229 1278 quot
1243 1196 1281 1261 de
1296 1209 1373 1280 gen-

244 1299 329 1364 tibus
344 1301 416 1365 sunt
430 1301 563 1381 tropaea.
594 1298 693 1382 igitur
706 1298 839 1363 Romani
859 1316 919 1362 non
933 1298 1001 1362 ideo
1017 1298 1107 1377 tanti,
1124 1298 1205 1381 quod
1224 1298 1373 1382 religiosi,

217 1405 298 1470 1661
314 1404 394 1487 quod
409 1404 520 1485 inpune
536 1402 687 1486 sacrilegi.
718 1421 815 1484 neque
840 1402 923 1467 enim
948 1402 1113 1483 potuerunt
1138 1402 1172 1466 in
1185 1402 1261 1483 ipsis
1281 1400 1413 1466 bellisro

244 1509 316 1574 deos
342 1507 496 1572 adiutores
512 1506 638 1585 habere,
665 1506 810 1571 aduersus
836 1524 911 1588 quos
931 1524 1016 1569 arma
1030 1506 1211 1588 rapuerunt,
1228 1506 1282 1570 661
1296 1523 1374 1586 quos

243 1610 480 1695 prostrauerant,
502 1608 750 1690 detriumphatos
772 1608 870 1673 colere
891 1609 1061 1691 coeperunt.
1093 1607 1169 1690 quid
1190 1610 1296 1673 antem
1316 1608 1373 1673 isti

245 1714 289 1779 dii
304 1732 357 1797 pro
364 1713 510 1779 Romanis
525 1713 662 1795 possunt,
679 1712 732 1794 qui
748 1711 829 1776 nihil
850 1729 904 1793 pro
924 1711 988 1775 suis
1003 1711 1150 1776 aduersus
1166 1729 1271 1776 eorum
1285 1730 1374 1775 arma

245 1817 428 1881 6616666611
443 1815 651 1880 Romanorum
663 1815 746 1880 enim
759 1815 940 1879 nemaculos
952 1814 1023 1878 deos
1034 1815 1193 1879 nouimus:
1208 1814 1370 1893 Remulus,

217 1918 353 1998 8Ρ1666,
370 1918 531 1983 Tiberinus
547 1918 578 1983 et
593 1916 709 1982 Consus
725 1919 756 1982 et
771 1916 936 1982 Pilumnus
956 1936 991 1983 ac
1007 1917 1179 1983 Volumnus
1194 1917 1248 1981 dii.
1280 1916 1370 1981 Cloa—
1382 1944 1410 1983 15

245 2022 345 2087 cinam
363 2021 471 2086 Tatius
487 2022 518 2085 61
532 2020 650 2085 inuenit
665 2022 697 2085 61
706 2019 818 2099 coluit,
833 2020 1148 2085 PauoremHostilius
1163 2020 1371 2103 atquePallo·

244 2144 324 2202 rem,
340 2142 440 2189 mora
454 2123 553 2189 nescio
569 2142 628 2205 quo
643 2122 752 2188 Febris
768 2122 927 2188 dedicata:
943 2124 1017 2188 haec
1032 2123 1158 2188 alumna
1172 2124 1258 2189 urbis
1275 2124 1372 2189 istius

245 2226 437 2310 superstitio,
459 2227 558 2292 morbi
579 2228 609 2291 et
624 2227 723 2291 66166
737 2226 940 2291 ualetudines.
972 2245 1043 2291 sane
1068 2229 1100 2292 et
1120 2225 1204 2292 Acca
1223 2227 1370 2292 Larentia

245 2333 276 2397 et
296 2331 400 2409 Flora,
422 2330 597 2395 meretrices
619 2329 837 2412 propudiosae,
863 2330 944 2393 inter
965 2329 1087 2394 morbos
1108 2329 1318 2394 Romanomm
1339 2330 1371 2393 61

218 2435 316 2499 91666
331 2433 561 2516 computandae.
591 2432 645 2497 isti
661 2432 779 2497 scilicet
794 2432 941 2497 aduersus
956 2433 1086 2511 eeteros,
1102 2433 1156 2514 qui
1173 2432 1206 2497 in
1224 2431 1369 2515 gentibus
1380 2456 1410 2497 no
1523 2482 1524 2485 ,

245 2537 436 2615 colebantur,
459 2537 667 2601 Romanorum
687 2535 853 2618 imperium
868 2534 1076 2623 protulerunt:
1097 2554 1194 2618 neque
1216 2535 1299 2600 6616
1319 2553 1370 2599 eos

245 2640 408 2708 aduersum
427 2656 496 2703 suos
511 2638 649 2703 homines
671 2639 722 2703 uel
737 2638 821 2703 Mars
838 2637 987 2702 Thracius
1012 2638 1063 2702 uel
1077 2637 1217 2719 Iuppiter
1232 2637 1370 2703 Creticus

245 2743 296 2806 uel
310 2742 386 2805 Iuno
401 2758 481 2806 nuno
496 2740 631 2825 Argiua,
648 2758 728 2805 nunc
743 2739 862 2819 Samia,
884 2760 965 2805 nunc
975 2740 1092 2819 Poena,
1108 2742 1160 2806 uel
1171 2741 1272 2806 Diana
1287 2741 1371 2805 Tan-

245 2844 309 2909 rica
322 2844 374 2909 nel
388 2844 488 2908 Mater
502 2843 595 2910 Idaea
605 2845 657 2908 uel
669 2832 829 2927 'Aegyptia
847 2843 904 2907 illa
917 2861 977 2908 non
995 2844 1138 2923 numina,
1161 2843 1215 2908 sed
1229 2844 1371 2927 portenta

198 2948 384 3015 10uuerunt.
401 2947 462 3011 nisi
476 2946 556 3012 forte
571 2948 653 3030 apud
672 2948 751 3012 istos
764 2947 864 3012 maior
875 2947 1002 3012 castitas
1016 2946 1175 3031 uirginum
1190 2949 1246 3013 aut
1260 2947 1370 3031 religio
1379 2969 1408 3011 aa

299 3170 315 3225 1
334 3169 447 3239 posteris
467 3170 616 3225 Danr'sc'ns:
643 3166 784 3240 postremis
806 3170 861 3237 Pr,
888 3169 1019 3237 postumio
1036 3170 1188 3237 Wowerne,
1214 3172 1276 3240 post
1294 3186 1371 3239 reges

251 3254 386 3323 Wopkens
399 3261 424 3310 61
440 3256 532 3311 Vonclc
541 3256 578 3313 L.
590 3257 624 3310 L.
639 3259 675 3311 57
726 3256 744 3315 5
758 3255 858 3309 seruire
870 3258 898 3309 et
910 3258 979 3326 cept.
994 3257 1134 3311 Wonerns
1186 3256 1371 3312 vertumnis

250 3342 368 3401 lennes
427 3341 446 3399 8
464 3342 533 3411 quod
544 3342 576 3397 de
589 3342 616 3396 P
635 3344 647 3410 Η
667 3342 794 3411 gentibus
807 3346 870 3397 sunt
881 3325 931 3411 (61)
944 3359 1013 3397 nos:
1032 3342 1158 3412 gentibus
1175 3344 1202 3396 et
1215 3344 1264 3406 Pr,
1279 3344 1308 3396 et
1319 3341 1370 3396 (161.

246 3429 344 3483 Henna
398 3428 416 3485 9
434 3432 526 3500 tropea
539 3430 585 3494 P',
604 3429 715 3500 trophea
727 3430 783 3484 P²r
836 3431 872 3488 11
890 3432 956 3499 fort.
969 3433 1113 3501 rapuerant
1134 3431 1146 3499 ΙΙ
1163 3430 1209 3483 661
1224 3445 1289 3499 quos
1305 3445 1371 3484 nos:

246 3517 274 3569 61
286 3530 350 3584 quos
363 3516 390 3570 P
397 3533 442 3583 pr.
455 3534 488 3569 nc.
502 3532 570 3571 corr.
584 3531 617 3569 en
628 3519 656 3570 61
668 3516 736 3585 quod
784 3516 820 3574 12
838 3518 1039 3585 prostrauerant
1051 3516 1185 3571 Dornbart
1197 3521 1223 3570 et
1234 3516 1373 3570 censorin

247 3602 278 3655 Ζ.
291 3602 313 3667 f.
326 3602 429 3655 Pln'loe.
442 3620 468 3655 n.
482 3601 553 3657 1611.
570 3602 659 3655 111661.
669 3605 725 3672 (18,
735 3605 812 3671 171):
825 3604 1027 3672 postulauerunt
1037 3604 1080 3656 Pr
1133 3602 1170 3661 15
1188 3601 1326 3655 teuerinus
1336 3601 1371 3666 P,

247 3686 395 3756 Tyberinus
407 3703 423 3741 r
442 3690 455 3757 11
476 3688 623 3741 Volumnus
634 3686 784 3758 Ropoltine:
802 3689 941 3758 polumnus
955 3690 993 3754 P,
1006 3688 1149 3742 Picumnus
1161 3704 1191 3756 r;
1213 3690 1374 3759 cyprianus

247 3774 276 3839 2,
295 3774 311 3825 5
331 3777 462 3825 nentrnrn
481 3787 579 3825 nornen
599 3771 685 3839 babet,
706 3772 753 3825 sed
774 3774 861 3827 solnm
880 3772 1000 3827 Pilumni
1053 3773 1089 3829 17
1110 3773 1176 3827 haec
1195 3773 1281 3827 almae
1297 3773 1373 3827 urbis

247 3856 399 3911 Hewnnnn
463 3856 500 3914 18
517 3856 651 3911 laurentia
668 3858 718 3925 Pr,
743 3874 790 3912 em.
808 3859 940 3927 Vrsinus,-
963 3860 999 3926 cf.
1013 3860 1093 3914 In'nc‘e'
1105 3861 1176 3924 1,4
1246 3858 1283 3916 19
1301 3859 1374 3912 inter

247 3942 344 4011 probra
363 3942 438 3996 Rom.
459 3943 610 3997 Heumann
670 3944 706 4001 23
724 3945 769 3998 uel
788 3945 876 3998 Diana
893 3945 1039 4000 Gelenius:
1061 3962 1130 4000 nnnc
1150 3946 1230 4000 diana
1250 3946 1307 4013 Pr,-
1334 3946 1370 4012 cf.

253 4028 333 4097 cypr.
347 4031 373 4094 2,
387 4033 418 4083 9:
436 4029 509 4082 Mars
527 4029 656 4084 Thracius
677 4032 705 4083 et
724 4030 846 4099 Iuppiter
867 4030 987 4087 Creticus
1009 4034 1037 4085 et
1056 4032 1122 4085 Iuno
1140 4032 1184 4086 uel
1205 4032 1309 4101 Argiua
1328 4032 1373 4084 uel

249 4113 338 4167 Samia
358 4114 402 4167 uel
419 4114 508 4168 Poena
529 4116 556 4168 et
579 4116 666 4169 Diana
688 4115 802 4169 Taurica
821 4122 870 4171 616.
890 4118 902 4183 11
922 4117 1032 4187 taurige
1053 4118 1081 4171 P
1136 4118 1176 4173 24
1195 4116 1274 4171 1666
1285 4117 1373 4169 mater

247 4198 328 4253 Idaea
351 4200 508 4269 Opprdanns
524 4202 535 4269 ΙΙ
552 4201 611 4254 1166
624 4204 651 4255 P
666 4204 677 4270 11
698 4201 743 4255 661
756 4204 784 4255 61
795 4204 918 4270 portenta
931 4204 965 4270 P,
978 4203 1025 4257 sed
1036 4204 1064 4256 et
1076 4220 1185 4257 erasnm
1239 4202 1278 4262 25
1291 4202 1373 4256 casti·

248 4284 315 4337 tatis
328 4302 343 4339 r
