3050 4984
293 359 335 423 84
705 354 856 422 Sulpicii
878 352 995 407 Seueri

291 513 439 597 praesidis
463 513 511 576 sui
534 511 619 575 Posti
645 510 730 573 Plori
755 509 883 573 iniurias
902 528 963 574 nou
979 508 1125 587 ferentes,
1147 508 1295 573 rebellare
1310 526 1418 591 coope-

292 616 372 680 runt.
397 616 542 680 aduersus
564 632 614 678 eos
640 612 845 693 Vespasianus
869 612 1075 693 proconsulari
1099 611 1228 693 imperio
1253 630 1272 675 a
1295 610 1418 675 Nerone

291 718 404 783 missus
429 717 537 781 multis
562 716 768 800 grauibusque
793 715 915 796 proeliis
940 714 1077 779 deuictos
1097 714 1198 797 coegit
1216 714 1298 779 intra
1311 731 1419 778 muros

263 820 520 903 5Hierosolymae
539 818 708 903 confugere.
731 818 857 883 interim
871 817 951 883 Nero
970 818 1033 881 iam
1056 810 1155 881 etiam
1179 816 1239 881 sibi
1265 834 1320 899 pro
1345 834 1419 881 oon·
1448 876 1453 883 .

292 924 420 988 seientia
434 922 582 987 scelerum
596 922 728 998 inuisus,
750 920 894 985 humanis
914 921 1004 985 rebus
1025 920 1184 997 eximitur,
1205 919 1356 985 incertum
1377 939 1421 983 an
1449 933 1467 973 ⁵

291 1026 357 1107 ipse
382 1026 441 1089 sibi
465 1026 596 1090 mortem
622 1024 817 1088 consciuorit:
840 1024 921 1088 certe
946 1041 1054 1105 corpus
1068 1022 1155 1087 illius
1174 1040 1235 1086 non
1248 1022 1417 1103 repertum.

265 1129 371 1197 sunda
386 1128 534 1205 creditur,
556 1128 650 1191 etiam
665 1128 691 1190 si
706 1145 738 1191 se
752 1126 856 1211 gladio
871 1127 937 1208 ipse
951 1125 1153 1203 transfixerit,
1169 1126 1273 1189 curato
1287 1124 1418 1189 uulnere

293 1231 358 1295 eius
383 1232 536 1308 seruatus,
564 1230 730 1295 secundum
759 1229 855 1306 illud,
889 1230 969 1312 quod
994 1228 1032 1293 de
1060 1246 1094 1293 eo
1120 1228 1269 1308 scriptum
1295 1228 1421 1292 estrat

292 1334 405 1416 plaga
425 1334 561 1398 mortis
584 1333 666 1397 eius
689 1333 822 1396 curata
844 1332 916 1409 est,
939 1332 997 1395 snb
1023 1330 1136 1397 saeculi
1161 1330 1221 1395 fine
1234 1331 1418 1409 mittendus,

292 1437 329 1500 nt
342 1437 523 1519 mysterium
537 1436 710 1519 iniquitatis
726 1436 871 1500 exerceat.
1117 1466 1121 1479 ¹
1432 1444 1464 1484 1⁰

241 1540 283 1603 20
335 1540 436 1623 Igitur
461 1540 530 1620 post
554 1557 709 1603 excessum
733 1539 863 1603 Neronis
888 1536 987 1601 Galba
1012 1537 1176 1617 imperium
1201 1537 1317 1617 rapuit:
1345 1554 1420 1601 mox

263 1639 372 1709 20tho
397 1640 496 1707 Galba
520 1640 680 1706 interfecto
711 1641 879 1723 occupauit.
903 1642 972 1705 tum
993 1639 1139 1704 Vitellius
1159 1658 1176 1704 e
1196 1638 1299 1703 Gallia
1318 1638 1420 1703 iratus

292 1745 487 1821 exercitibus,
511 1745 621 1825 quibus
635 1744 788 1825 praeerat,
811 1743 917 1807 urbem
938 1743 1108 1827 ingressus,
1124 1741 1242 1807 Othone
1256 1740 1419 1807 interfecto

293 1864 446 1925 summam
476 1866 579 1911 rerum
603 1847 771 1927 usurpauit.
801 1865 879 1927 quae
903 1846 1102 1928 posteaquam
1127 1846 1168 1909 ad
1192 1845 1419 1926 Vespasianum

294 1945 408 2026 delata,
431 1949 504 2013 ficet
528 1948 610 2013 malo
636 1949 787 2030 exemplo,
809 1948 887 2013 bono
901 1948 1006 2013 tamen
1020 1948 1131 2013 affectu
1152 1949 1196 2012 rei
1220 1948 1362 2029 publicae
1376 1947 1417 2011 ab
1429 1967 1460 2006 15

293 2050 441 2132 improbis
456 2051 668 2129 uindicandae,
692 2036 762 2116 cum
782 2051 1028 2134 Hierosolymam
1048 2050 1215 2128 obsideret,
1238 2050 1335 2115 sumit
1354 2050 1417 2115 im-

294 2153 413 2235 perium
435 2155 480 2232 et,
509 2156 545 2218 ut
564 2172 630 2218 mos
656 2156 718 2231 est,
748 2154 919 2219 diademate
945 2154 1039 2235 capiti
1063 2154 1208 2235 imposito
1229 2153 1267 2217 ab
1282 2153 1417 2217 exercitu

294 2256 509 2321 consalutatus.
539 2257 648 2321 Titum
661 2257 761 2321 filium
776 2256 934 2322 Caesarem
949 2257 1038 2321 facit:
1061 2256 1161 2321 eidem
1174 2274 1244 2336 pars
1260 2257 1417 2337 copiarum

265 2361 326 2431 eet
350 2360 531 2425 obsidendae
554 2360 785 2443 Hierosolymac
808 2360 967 2444 negotium
987 2360 1104 2423 datum.
1128 2357 1332 2441 Vespasianus
1351 2358 1415 2421 Ro-

293 2481 377 2527 mam
402 2463 569 2544 profectus,
591 2479 711 2526 summo
726 2461 830 2527 fauore
850 2463 972 2527 senatus
993 2462 1024 2526 et
1043 2461 1148 2543 populi
1164 2462 1317 2543 receptus,
1343 2479 1456 2525 cumao

293 2583 325 2629 se
339 2565 484 2630 Vitellius
509 2564 725 2642 interfecisset,
752 2565 917 2645 imperium
942 2564 1143 2629 confirmauit.
1166 2565 1282 2629 interea
1306 2564 1414 2629 Iudaei

293 2666 448 2731 obsidione
463 2668 573 2743 clausi,
596 2668 668 2747 quia
691 2667 778 2731 nulla
801 2686 899 2748 neque
923 2668 1006 2748 pacis
1031 2686 1128 2749 neqrre
1148 2667 1312 2731 deditionis
1327 2666 1415 2747 copia

294 2768 437 2846 dabatur,
460 2770 498 2833 ad
519 2770 688 2833 extremum
707 2768 789 2835 fame
802 2770 983 2848 interibant,
1005 2770 1181 2852 passimque
1201 2769 1270 2833 uiae
1296 2768 1414 2851 oppleri

294 2870 490 2935 cadaueribus
511 2888 647 2952 coepere,
669 2871 751 2936 uicto
766 2871 835 2955 {iam
855 2872 954 2935 officio
969 2872 1131 2937 humandi:
1154 2872 1228 2954 quin
1242 2872 1344 2937 omnia
1358 2892 1414 2937 ue-

293 2971 385 3037 landa
399 2991 466 3037 esca
480 2992 569 3054 snper
582 2974 649 3037 ausi
662 2994 701 3038 ne
715 2975 856 3039 humanis
872 2975 996 3057 quidem
1015 2975 1190 3057 corporibus
1204 2975 1413 3057 pepercerunt,
1425 2986 1455 3027 ²⁵

265 3075 354 3139 snisi
379 3094 456 3157 quae
481 3076 629 3141 eiusmodi
653 3077 808 3141 alimentis
828 3078 914 3142 tabes
935 3078 1149 3160 praeripuerat.
1173 3078 1270 3160 igitur
1285 3077 1415 3143 defessis

294 3176 500 3242 defensoribus
523 3179 656 3261 irmpere
680 3181 819 3245 Romani.
849 3200 883 3245 ao
907 3181 976 3244 tum
1005 3180 1083 3245 forte
1108 3181 1142 3244 in
1168 3180 1251 3245 diem
1277 3180 1415 3245 Paschae

293 3280 392 3345 omnis
417 3300 453 3344 er
478 3282 559 3364 agris
584 3281 712 3365 aliisque
738 3283 868 3347 Iudaeae
888 3284 1008 3365 oppidis
1027 3283 1195 3347 multitudo
1216 3283 1413 3349 conuenerat:

396 3466 415 3521 8
432 3466 537 3533 Apocal.
559 3466 603 3530 13,
622 3468 648 3523 3.

348 3639 363 3694 1
382 3637 469 3706 Festi]
490 3654 508 3689 o
528 3637 645 3705 Josepbo
665 3644 782 3692 wcotor
802 3638 910 3693 Gessius
931 3638 1039 3702 Florus,
1058 3639 1092 3693 ab
1110 3640 1230 3693 Eusebio
1246 3639 1352 3695 Cestius
1369 3639 1413 3693 ΕΙ.

344 3723 366 3778 4
381 3723 452 3776 Nero
465 3724 504 3789 P,
521 3728 554 3776 ut
565 3724 634 3776 coci.
652 3723 805 3777 Giselinus:
823 3741 885 3778 uero
898 3726 913 3778 b
989 3724 1006 3780 6
1024 3741 1076 3778 non
1086 3728 1221 3793 repertum
1238 3727 1288 3795 (sic
1305 3724 1415 3795 firepcu)

294 3811 333 3864 P:
351 3809 541 3877 interemptum
566 3809 582 3861 b
588 3829 595 3872 ;
621 3810 785 3864 sentenciam
804 3809 984 3864 dicicooerot
1008 3811 1152 3865 Pillomoat
1168 3826 1328 3881 proponens
1347 3811 1415 3865 irre-

293 3897 398 3965 pertum
460 3893 479 3950 8
497 3893 530 3947 ei·
543 3894 582 3947 P:
600 3895 664 3960 fort.
678 3900 720 3958 ee,
737 3896 755 3948 i.
770 3911 789 3949 e.
803 3912 872 3949 esse:
889 3897 901 3964 11
918 3898 946 3949 et
958 3896 1100 3966 Sincaius:
1121 3898 1166 3951 uel
1177 3900 1238 3967 wer
1258 3899 1355 3965 comp.)
1377 3898 1414 3965 P,

293 3982 353 4035 utb
406 3980 442 4036 12
460 3980 533 4033 'luno
552 3980 568 4033 b
591 3979 604 4047 ΙΙ
625 3979 655 4033 in
675 3980 779 4035 Gallias
800 3982 856 4046 Pb,
876 3998 906 4035 er
926 3982 1025 4037 Galliis
1046 3983 1188 4053 Sidonios,
1212 3984 1240 4038 iu
1261 3983 1366 4040 Galliis.
1384 3982 1414 4035 Is

293 4067 377 4122 fretus
393 4066 485 4122 Voacb
537 4065 573 4121 13
592 4065 805 4120 excercitibusP
856 4066 893 4123 14
909 4070 1129 4136 posteamoiebot
1144 4070 1278 4125 chroto
1332 4070 1368 4129 15
1380 4066 1413 4122 R.

294 4152 324 4206 P.
337 4152 365 4206 P
425 4151 461 4207 18
479 4151 660 4205 consalutatus
674 4152 711 4204 P:
729 4152 876 4221 Imperator
887 4154 1096 4209 consalutatusb
1157 4155 1194 4211 21
1213 4154 1266 4209 sibi
1278 4154 1414 4209 confirma·

293 4236 337 4290 uit
355 4237 488 4291 dePrato
561 4237 600 4293 22
612 4236 743 4290 obsidioni
766 4239 793 4291 P
872 4239 910 4295 23
927 4239 1415 4296 interiebanthoodsca'oaarcctc

346 4323 384 4380 25
402 4338 460 4376 esca
472 4323 600 4391 superP:
619 4322 753 4391 insuperb
759 4344 770 4391 ,·
789 4326 822 4391 cf.
838 4324 965 4395 Bercoys
974 4341 1001 4393 p.
1016 4328 1052 4379 59
1064 4344 1091 4379 a.
1106 4330 1141 4380 79
1233 4360 1240 4370 ·
