3050 4984
291 351 352 415 104
684 348 830 402 Firmioi
846 348 996 401 Materni

288 522 420 568 errorem
440 506 531 568 tuum
550 503 651 585 turpis
672 505 793 589 egestas
807 504 982 585 insequitur
996 507 1027 569 et
1043 505 1213 571 oeruioibus
1228 506 1291 570 tuis
1307 523 1416 569 onero-

289 628 358 673 sum
372 608 562 692 paupertatis
576 608 720 673 imminet
735 608 865 690 pondus.
887 608 981 672 illum
996 626 1089 690 quem
1103 609 1235 691 despiois
1249 628 1417 691 pauperem

287 712 392 795 largus
419 712 450 775 et
476 712 563 777 diues
578 712 638 791 est,
669 712 764 776 sedile
797 711 845 775 illi
870 710 1029 776 Abraham
1044 712 1076 775 in
1090 713 1161 776 sinu
1174 729 1229 775 suo
1243 712 1417 795 praeparat.

288 815 361 879 tuno
386 814 422 879 tu
444 814 498 896 per
511 816 672 880 interiecta
687 814 788 898 spatia
802 814 999 879 flammarum
1014 814 1054 879 ad
1069 814 1246 897 mitiganda
1261 814 1418 879 oonsoien-

288 918 351 983 tiae
365 920 436 983 tuae
452 919 581 983 uulnera
594 920 718 984 tenuem
733 920 772 983 ab
788 936 823 983 eo
838 918 987 983 stillantis
1002 936 1099 1000 aquae
1124 918 1282 1002 guttulam
1308 918 1418 1000 postu-
1443 944 1455 982 a

287 1021 367 1087 labis
381 1039 436 1085 nee
450 1022 510 1085 tibi
525 1022 631 1085 uolens
646 1022 779 1086 Lazarus
793 1021 998 1086 lenimentum
1013 1020 1127 1086 doloris
1142 1021 1189 1083 tui
1204 1020 1259 1085 aut
1274 1020 1347 1084 dare
1361 1037 1419 1102 po-

287 1124 361 1189 terit
376 1126 429 1188 aut
444 1125 616 1206 impetrare.
641 1125 835 1208 singulorum
855 1125 937 1189 enim
956 1124 1024 1207 pari
1039 1124 1141 1207 gratia
1156 1124 1271 1187 merita
1284 1140 1417 1204 pensan-

287 1227 352 1290 tur:
375 1226 424 1290 illi
445 1227 512 1293 uita
533 1228 686 1293 confertur
705 1228 830 1310 propter
850 1228 941 1292 huius
963 1228 1078 1292 saeculi
1092 1228 1193 1304 mala,
1216 1227 1276 1291 tibi
1291 1227 1418 1309 propter

259 1329 378 1403 uhuius
399 1330 512 1395 saeouli
532 1329 611 1394 bona
631 1333 780 1413 perpetua
805 1332 1028 1396 tormentorum
1055 1350 1152 1413 poena
1178 1330 1359 1394 decernitur.
1384 1330 1421 1392 ut

286 1436 390 1500 autem
405 1432 600 1498 manifestius
616 1434 783 1499 disceretur
798 1435 925 1517 quinam
946 1434 1001 1498 ille
1022 1435 1103 1499 esset
1122 1434 1228 1516 panis,
1250 1452 1305 1515 per
1326 1452 1420 1515 quem
1431 1462 1458 1501 ιο

292 1538 422 1602 miserae
437 1537 547 1601 mortis
562 1538 728 1602 uincuntur
743 1537 854 1616 exitia,
877 1538 942 1619 ipse
969 1536 1110 1602 dominus
1136 1538 1241 1601 saneto
1266 1556 1302 1600 ae
1327 1554 1422 1601 uene-

290 1641 383 1704 rando
399 1657 450 1704 ore
465 1640 618 1724 signauit,
634 1660 672 1705 no
687 1660 741 1722 per
752 1640 890 1705 diuersos
901 1640 1051 1704 tractatus
1064 1658 1132 1723 spes
1143 1640 1304 1704 hominum
1315 1640 1421 1721 prauis

174 1766 222 1809 1³01.
230 1768 277 1811 ra.
291 1743 594 1825 interpretationibus
609 1742 800 1808 fallerentur.
817 1743 863 1808 ait
882 1745 887 1827 Ι
907 1744 989 1807 enim
1004 1743 1036 1806 in
1051 1743 1209 1826 euangelio
1226 1742 1421 1807 eatanhan·

292 1866 377 1911 nem:
411 1839 493 1931 ‘ego
517 1866 597 1911 sum
618 1848 729 1929 panis
752 1848 873 1912 uitae:
894 1848 974 1929 -qui
1000 1847 1161 1912 uenerit
1189 1847 1238 1911 ad
1263 1865 1321 1911 me
1347 1864 1422 1910 non

290 1949 455 2028 esuriet,
489 1950 554 2031 qui
581 1950 620 2013 in
647 1970 706 2014 me
734 1950 954 2015 crediderit
981 1968 1053 2014 non
1081 1941 1457 2031 sitietumquam.'1a

289 2052 366 2116 item
380 2052 624 2134 insequentibus
640 2054 697 2118 hoo
711 2054 795 2117 idem
810 2053 907 2117 simili
930 2054 1021 2117 modo
1044 2053 1216 2136 signifieat,
1250 2053 1297 2116 ait
1319 2053 1420 2116 enim:

288 2148 337 2219 ‘si
366 2155 451 2237 quis
479 2154 570 2221 sitit
599 2156 730 2221 ueniat
761 2159 799 2221 et
827 2156 937 2221 bibat
967 2157 1031 2239 qui
1059 2157 1185 2221 eredit
1213 2156 1251 2220 in
1273 2145 1350 2220 ma'
1385 2156 1416 2219 et

285 2277 390 2323 rursus
405 2260 486 2341 ipse,
507 2260 544 2323 ut
558 2259 731 2324 maiestatis
746 2278 818 2323 suae
834 2260 1045 2325 substantiam
1059 2259 1254 2324 credentibus
1270 2258 1416 2337 traderet,

286 2363 344 2453 ait:
378 2354 468 2426 tnisi
496 2362 663 2426 ederitis
694 2381 843 2426 earnem
869 2361 935 2426 fili
967 2362 1136 2426 hominis
1164 2363 1201 2426 et
1227 2362 1413 2426 biberitis

256 2466 513 2549 asanguinem
535 2465 635 2543 eius,
658 2464 948 2530 nonhabebitis
969 2465 1091 2530 uitam
1111 2454 1296 2529 inuobia'
1319 2482 1413 2546 quare
1428 2492 1458 2532 no

283 2569 362 2633 nihil
377 2569 465 2633 uobis
480 2568 522 2633 sit
537 2586 608 2632 oum
622 2568 762 2651 tympani
784 2568 867 2647 cibo,
902 2568 1047 2632 omiseri
1069 2568 1233 2633 mortales:
1268 2568 1413 2631 salutaris

284 2671 345 2735 eibi
361 2672 496 2757 gratiam
516 2671 653 2752 quaerite
675 2672 706 2735 et
725 2672 890 2736 inmortale
909 2671 1054 2753 poculum
1068 2671 1174 2736 bibite.
1200 2669 1340 2735 Christus
1355 2688 1412 2734 uos

285 2773 383 2855 epulis
399 2774 463 2838 suis
478 2775 601 2838 reuocat
617 2773 656 2837 ad
671 2773 772 2837 luoem
792 2774 824 2837 et
843 2774 932 2857 graui
947 2793 1063 2840 ueneno
1077 2775 1182 2857 putres
1198 2774 1284 2839 artus
1300 2774 1331 2838 et
1346 2774 1412 2837 tor·

283 2876 437 2959 poscentia
451 2875 590 2941 membra
605 2874 753 2940 uiuifioat.
778 2877 903 2958 caelesti
923 2877 990 2941 oibo
1011 2878 1154 2942 renouata
1168 2876 1327 2941 homiuem
1342 2896 1414 2959 per-

284 2980 403 3057 ditum,
427 2980 463 3042 ut
478 2977 624 3061 quioquid
638 2978 671 3042 in
685 2978 773 3043 uobis
787 2980 945 3043 mortuum
959 2981 1006 3044 est
1022 2980 1138 3044 diuinis
1153 2978 1309 3044 benefieiis
1324 2998 1414 3044 rena-
1427 3010 1456 3053 25

285 3082 396 3147 scatur.
422 3081 574 3146 didicistis
590 3080 663 3162 quid
684 3099 739 3145 uos
761 3082 859 3147 faeere
874 3083 1050 3161 conueniat,
1074 3083 1181 3166 eligite
1197 3082 1279 3164 quod
1293 3082 1411 3147 uultis:

284 3186 355 3249 inde
369 3202 452 3250 mors
466 3186 617 3263 nascitur,
639 3185 711 3248 hino
725 3185 900 3250 inmortalis
914 3186 982 3251 uita
997 3185 1137 3251 donatur.

237 3287 275 3348 19
328 3292 477 3374 *11χαῖρε
492 3280 622 3374 rippas,
638 3291 728 3374 χαῖρε
743 3286 815 3353 νέον
831 3289 908 3373 φῶς.
933 3287 1014 3367 Quid
1029 3290 1073 3354 sic
1087 3289 1239 3354 miserum
1254 3289 1412 3354 hominem

284 3412 337 3476 per
363 3392 493 3474 abrupta
518 3392 716 3474 praecipitas,
741 3392 920 3455 calamitosa
940 3393 1118 3474 persuasio?
1140 3394 1215 3475 quid
1240 3393 1289 3457 illi
1316 3392 1413 3458 falsas

386 3614 422 3669 14
440 3613 500 3668 Joh.
514 3612 539 3677 6,
553 3614 599 3672 35.
655 3613 691 3670 19
710 3613 746 3667 ib.
761 3613 787 3677 6,
801 3614 847 3672 53.

334 3802 351 3856 2
369 3801 479 3872 dispieis
493 3803 520 3855 P
572 3802 590 3859 3
608 3803 700 3871 largus
713 3803 753 3855 P:
772 3804 865 3857 lautus
881 3805 1021 3858 Wowaraa
1040 3804 1053 3871 ΙΙ
1073 3804 1144 3857 diuis
1157 3805 1185 3858 P
1205 3805 1217 3873 ΙΙ
1238 3803 1322 3857 aedile
1334 3804 1415 3858 Bar-

283 3890 362 3941 sa'oa:
382 3887 427 3941 sed
439 3888 486 3941 ille
498 3889 536 3951 P,
556 3888 602 3941 sed
614 3888 663 3941 hoo
675 3887 793 3957 spatium
805 3907 824 3943 a
891 3889 912 3945 4
928 3889 1096 3944 flammarum
1116 3890 1206 3959 spaoia
1227 3889 1261 3943 ad
1281 3890 1416 3959 mitigan-

284 3974 363 4028 daea
434 3973 539 4043 9pena
551 3974 591 4042 P,
609 3980 642 4028 at
652 3990 758 4043 semper
833 3974 871 4031 10
887 3975 1050 4029 diceretura
1115 3976 1152 4032 13
1170 3975 1199 4027 in
1216 3976 1356 4045 euangelio
1367 3976 1416 4031 Jo-

285 4059 535 4128 hannisoetriop.
550 4062 784 4129 radiarentur
838 4061 874 4117 19
887 4061 969 4114 filiio
1019 4062 1054 4113 21
1065 4061 1201 4131 tympanis
1214 4079 1232 4115 a
1285 4062 1322 4118 21
1336 4061 1413 4122 aad

285 4149 384 4217 ciuoP,
397 4150 636 4216 tremorattmpoa
649 4146 703 4200 oiui
751 4145 863 4200 alodii
875 4146 968 4199 miseri
980 4148 1034 4214 Pa,
1046 4148 1081 4214 of.
1092 4164 1121 4215 p.
1135 4150 1213 4215 89,5
1266 4148 1305 4207 25
1323 4164 1405 4203 renas

286 4235 388 4289 eatisP
439 4234 477 4291 27
487 4233 608 4288 donatur.
619 4238 808 4287 ΛΕΝΥΝΦΕ
819 4238 939 4285 ΧΑΙΡΕ
948 4239 977 4285 N
980 4238 1085 4286 ΥΝΦΕ
1095 4234 1129 4296 Ρ,
1142 4232 1217 4287 Dicis
1227 4234 1318 4297 etiam
1328 4240 1400 4309 χαίρ

284 4326 391 4389 νυμφίε
403 4337 436 4387 ο;
448 4320 575 4387 ‘apparet
587 4318 676 4372 deesse
688 4318 796 4387 11111111ᾰά
807 4318 888 4387 quate
900 4324 953 4371 eat:
965 4317 1047 4371 Aliud
1055 4317 1180 4386 profanae
1189 4317 1329 4387 religionis
1338 4333 1394 4388 syn
