3050 4984
291 362 338 427 46
710 356 859 427 Sulpicii
880 354 997 410 Seueri

294 515 353 581 Dei
367 534 472 600 regem
486 515 564 581 adiit
578 513 816 596 exprobratoque
829 512 859 578 ei
867 511 1033 596 saerdegie
1046 511 1184 594 poposcit
1197 511 1238 575 ad
1251 528 1285 574 ιι
1299 527 1426 575 emnem

294 619 443 702 populum
457 617 641 702 congregari.
658 617 711 700 qui
722 636 793 681 eum
803 633 928 699 propere
942 614 1141 694 conuenisset,
1152 613 1258 678 ιιιιιιι
1268 613 1425 678 idolerum
1496 612 1500 639 ³
1515 608 1521 685 ᾗ

294 739 330 786 ac
342 720 482 786 lucorum
497 721 702 786 sacerdotibus
718 737 802 785 ooec
816 718 880 784 iere
894 719 926 784 et
940 737 977 795 a,
998 717 1079 783 inter
1098 735 1149 782 ees
1163 717 1236 782 inde
1248 716 1424 781 altercatio:
1483 791 1485 794 ¹
1500 701 1522 744 ³

261 834 283 888 ἰ
294 823 364 889 lolia
374 825 476 889 Deum
486 824 679 907 praedicante
691 821 739 886 illi
751 821 983 905 superstitiones
993 839 1064 886 snas
1074 820 1257 886 asscrebant.
1268 819 1425 900 pestremo
1496 806 1520 866 ³1

294 927 410 1043 plaouit
424 926 491 992 fieri
505 926 691 1009 perieulum,
713 927 764 1004 ut,
787 925 815 988 si
829 924 917 989 cuius
931 942 1051 989 caesam
1064 923 1198 987 hostiam
1211 922 1325 986 missus
1339 922 1508 986 caelos
1501 912 1517 939 '

293 1029 376 1114 ignis
396 1030 585 1108 absumeret,
556 1031 675 1095 trata
696 1028 776 1094 esset
797 1027 906 1111 religio
921 1046 998 1109 quac
1019 1027 1170 1092 uirtutem
1191 1025 1347 1090 edidisset
1377 1023 1426 1088 ita
1499 1016 1521 1058 ³

294 1133 463 1199 sacerdotes
478 1133 575 1196 occiso
589 1131 690 1196 uitulo
700 1131 800 1196 Bahal
813 1129 959 1196 idolum
949 1148 1091 1195 muccare
1105 1128 1277 1211 coeperunt,
1292 1127 1424 1192 frustra-
1496 1121 1524 1215 i}

294 1254 353 1317 que
368 1235 555 1318 consumptis
575 1234 818 1300 inuocationibus
838 1232 1086 1298 imbecillitatem
1106 1231 1156 1298 dei
1178 1250 1227 1296 sur
1217 1231 1329 1297 taciti
1342 1230 1425 1296 fate-
1497 1223 1517 1266 ἵ

294 1337 415 1402 bantur.
431 1339 501 1403 tum
515 1337 599 1402 illias
613 1337 743 1402 ιιιιιιιιιι
759 1355 810 1402 eos
824 1328 873 1401 ‘ne
892 1325 981 1403 ferte'
996 1336 1098 1419 inquit
1111 1327 1270 1412 ‘dormiat
1292 1333 1424 1398 clamate
1500 1327 1519 1370 '5'

294 1440 521 1519 uehementius,
550 1443 586 1505 ut
608 1458 713 1506 somno
735 1457 796 1522 quo
817 1440 939 1504 ιιιιιιιι
960 1427 1099 1523 suigilet'
1102 1489 1108 1502 .
1138 1437 1293 1503 enimuero
1315 1454 1425 1502 mrserr
1435 1435 1513 1497 10

293 1543 481 1624 trepidantes
502 1562 654 1621 mussare,
683 1544 714 1608 et
740 1543 859 1620 tamen,
888 1541 1035 1623 quidnam
1056 1541 1141 1605 illias
1155 1539 1303 1606 {facturus
1324 1541 1422 1617 esset,
1499 1538 1521 1582 ὲ

259 1647 458 1728 ιιιιιιιιιι.
481 1647 513 1711 ιι
528 1646 581 1711 illo
596 1665 717 1711 caesum
732 1645 869 1710 uitulum
883 1644 1046 1726 imposuit,
1068 1662 1139 1708 cum
1153 1642 1424 1738 prinslsacrarium
1498 1642 1521 1685 ἕ·

293 1767 371 1830 aqua
397 1749 563 1830 opplesset,
589 1735 789 1830 inuocatoque
808 1747 941 1811 Domine
961 1747 1170 1828 spectantibus
1195 1745 1313 1811 cunetis
1338 1745 1424 1830 ignis
1508 1750 1522 1792 -ῑ

293 1851 374 1915 caelo
397 1853 539 1934 delapsus
560 1871 672 1935 aquam
694 1870 765 1916 oum
785 1850 888 1915 hestia
907 1849 1088 1931 absumpsit.
1110 1850 1179 1913 tum
1199 1867 1271 1914 uero
1290 1847 1423 1930 populus
1499 1850 1519 1913 't

292 1949 356 2018 solo
378 1955 493 2024 stratus
514 1955 616 2019 Deum
638 1953 743 2032 fateri,
772 1953 855 2019 idola
876 1953 1024 2018 execrari:
1051 1953 1204 2034 pestremo
1226 1952 1313 2017 Eliae
1334 1952 1457 2016 iussus

291 2056 411 2138 profani
436 2059 606 2122 sacerdotes
629 2057 838 2139 comprehensi
866 2056 1051 2138 deductique
1072 2056 1111 2119 ad
1131 2056 1300 2120 terrentem
1320 2054 1423 2120 necati
1505 2042 1523 2107 ἶ,

259 2161 373 2224 esunt.
395 2161 573 2226 redeuntem
593 2160 664 2225 inde
679 2179 785 2244 regem
799 2159 947 2241 propbeta
960 2159 1138 2240 prosecutus
1151 2160 1214 2223 est:
1237 2159 1291 2223 sed
1305 2176 1377 2222 cum
1393 2157 1423 2223 ιι
1509 2168 1523 2227 ,’·

222 2295 226 2304 ·
291 2262 410 2328 Iezabel
424 2263 506 2347 regis
521 2281 595 2327 nxer
609 2263 693 2328 uitae
713 2263 885 2345 periculum
899 2263 1034 2344 pararet,
1056 2262 1095 2326 ad
1109 2261 1272 2326 remotiora
1285 2260 1421 2325 secessit.
1502 2266 1510 2311 '-

290 2365 336 2430 ibi
350 2385 421 2430 enm
435 2367 520 2431 Deus
535 2365 685 2431 allocutus
701 2367 756 2444 est,
773 2385 824 2430 vn
838 2365 927 2431 milia
941 2365 1079 2430 uirorum
1093 2364 1193 2429 adhuc
1207 2383 1272 2430 esee
1286 2381 1421 2446 prenun-
1505 2378 1522 2422 ι

289 2468 380 2547 tiana,
397 2469 455 2550 qui.
465 2487 497 2534 ιι
512 2469 603 2533 idelis
617 2486 677 2533 non
691 2468 857 2533 dedissent.
873 2468 989 2531 mirum
1003 2468 1037 2532 id
1051 2467 1138 2532 Filiae
1151 2467 1228 2545 fuit,
1251 2467 1305 2549 qui
1319 2466 1422 2530 selum
1431 2487 1456 2527 ee
1510 2482 1519 2524 ι

291 2589 323 2636 ιι
338 2591 356 2636 ι
370 2572 529 2655 saenlegio
545 2571 717 2635 immunem
732 2589 798 2635 esse
813 2569 991 2634 crediderat.
1506 2581 1520 2597 ·’

233 2682 280 2744 aa
332 2675 378 2737 Ee
391 2674 574 2755 tempestate
597 2673 705 2737 Achab
731 2692 784 2737 rer
805 2671 960 2738 &manae
983 2673 1107 2738 uincam
1122 2672 1289 2751 Nabuthei,
1306 2671 1421 2737 adhae-
1504 2689 1522 2731 s

290 2775 408 2840 rentem
422 2776 491 2854 sibi,
507 2775 690 2856 concupiuit.
713 2794 806 2857 qnam
821 2793 892 2840 cum
905 2775 967 2858 ille¹
974 2775 1002 2840 ιι
1017 2776 1148 2841 uendere
1161 2775 1324 2852 noluisset,
1340 2773 1422 2838 dolis

290 2878 410 2943 Iezabel
429 2878 607 2951 interfectus
627 2879 683 2943 est.
706 2878 752 2943 ita
772 2878 878 2944 Achab
898 2878 989 2943 uinea
1008 2879 1125 2960 petitus
1145 2880 1207 2957 est,
1230 2897 1302 2943 oum
1315 2879 1422 2943 tamen
1507 2879 1517 2940 ,ἶ

262 2981 446 3047 aNabuthei
466 2983 599 3047 mortem
619 2981 752 3047 doluisse
772 2982 930 3046 reseratum
952 2999 1022 3045 mox
1042 3000 1096 3063 per
1114 2980 1218 3046 Rham
1237 2980 1340 3046 uerbis
1359 2979 1422 3045 Dei
1431 3001 1455 3042 ιι
1509 2990 1520 3040 ;·

290 3084 470 3166 increpitus,
501 3085 604 3169 agnito
631 3085 758 3150 erimine
788 3084 888 3149 cilicio
916 3083 1044 3148 indutus
1071 3084 1171 3168 egisse
1199 3083 1420 3166 paenitentiam
1508 3107 1522 3151 ι

256 3187 436 3255 ιιιιιιιιιιιε
453 3206 512 3270 quo
527 3187 608 3253 facto
617 3188 832 3252 imminentem
839 3205 967 3269 poenam
978 3187 1101 3252 auertit.
1111 3206 1242 3270 namque
1253 3207 1306 3252 rex
1314 3185 1420 3270 Syriae
1510 3207 1518 3252 ;

394 3374 429 3429 17
448 3374 491 3427 ΠΙ
509 3373 573 3444 Reg.
595 3374 638 3431 19.
694 3375 731 3432 22
749 3375 794 3431 ΙΠ
811 3374 875 3443 aeg.
895 3375 941 3430 21.

342 3544 506 3600 lDeminib
552 3543 699 3601 3leeerum
707 3547 745 3610 P,
759 3552 790 3600 et
801 3564 828 3600 e.
838 3564 867 3614 p.
882 3550 974 3614 44,10
986 3552 1012 3600 et
1024 3549 1097 3614 45,8
1122 3547 1134 3614 ΙΙ
1154 3543 1214 3599 inde
1227 3547 1266 3600 P:
1284 3544 1345 3599 inde
1356 3547 1418 3598 orta
1516 3534 1519 3543 ⁴

288 3631 362 3684 estb
429 3631 449 3687 4
467 3631 609 3685 Dominum
626 3633 642 3685 b
711 3631 728 3688 6
747 3635 893 3686 assumeret
911 3633 938 3686 P
1006 3631 1023 3687 7
1041 3631 1109 3684 Baal
1126 3631 1142 3685 b
1210 3630 1229 3688 8
1247 3631 1355 3685 Domini
1372 3631 1417 3684 sui

286 3716 398 3771 taciteb
450 3716 539 3773 litum
551 3717 625 3770 Elias
637 3733 699 3772 aec:
717 3719 857 3772 tumferte
875 3718 993 3787 P(ferte
1010 3733 1044 3770 ecc
1055 3717 1180 3785 sequenti
1191 3717 1232 3771 ‘nc
1243 3716 1320 3771 forte’
1328 3733 1415 3786 prec-
1521 3734 1523 3745 ’

272 3818 275 3826 ’
289 3805 417 3873 ceptione),
434 3805 494 3855 tum
505 3819 568 3857 uero
577 3803 697 3860 Heliasb
713 3806 725 3872 ΙΙ
741 3804 850 3857 elamite
865 3804 904 3867 P,
918 3821 957 3859 aa
969 3820 1003 3857 cc
1014 3802 1172 3857 clamitate?
1220 3803 1257 3860 13
1269 3804 1415 3872 spectanti-

283 3887 338 3942 bus
352 3904 415 3942 aoe:
428 3888 627 3957 expectantibus
640 3891 683 3944 Pb
738 3888 775 3947 15
792 3889 963 3943 Dominumb
1016 3888 1053 3946 16
1070 3889 1201 3959 prophani
1218 3888 1234 3943 b
1288 3889 1325 3946 18
1337 3897 1364 3944 et
1374 3890 1414 3946 24
1515 3951 1517 3959 ,

284 3973 391 4028 zezabel
404 3975 431 4028 P
478 3973 513 4030 19
527 3989 583 4026 esse
596 3973 709 4028 adhncb
756 3974 795 4030 20
807 3990 857 4042 que
870 3991 898 4029 se
911 3976 939 4029 P
952 3977 965 4043 ΙΙ
982 3975 1146 4029 dedidissent
1156 3976 1272 4030 malebat
1283 3976 1414 4030 chrate
1516 4002 1520 4047 J

279 4060 554 4128 ,praeewathruete
610 4059 647 4116 22
665 4059 1141 4130 rexSamariaedePreteeparium
1151 4062 1245 4129 bebet;
1264 4068 1330 4116 atu.
1344 4062 1410 4131 aee.
1519 4104 1523 4111 .

289 4146 348 4213 111,
367 4148 411 4214 21,
430 4151 446 4199 1
461 4148 474 4215 ΙΙ
490 4144 643 4200 Nabuthaei
656 4147 684 4210 ι’,
707 4145 851 4200 Nabuthae
863 4147 987 4200 Drasdea
1004 4163 1065 4201 cam
1082 4147 1184 4216 LXX,
1209 4148 1241 4201 ia
1258 4148 1355 4217 quibua
1373 4153 1413 4202 et
1517 4144 1521 4217 j

289 4235 440 4298 Ναβουθαί
447 4231 509 4303 (aad
520 4233 552 4286 ιιι
563 4232 627 4286 aiae
639 4232 715 4286 lebria
720 4227 851 4300 Ναροὑθ)
904 4232 942 4291 25
954 4232 1044 4286 uerbis
1055 4231 1098 4286 dei
1110 4232 1255 4302 increpitus
1267 4233 1359 4302 agnito
1372 4233 1411 4286 P:
1519 4255 1521 4260 ⁸

284 4313 369 4368 uerbo
380 4316 488 4370 Domini
499 4317 657 4387 increpitus,
676 4317 820 4388 agnitoque
831 4317 847 4371 b
