<?xml version="1.0" encoding="UTF-8"?>
<!DOCTYPE html PUBLIC "-//W3C//DTD XHTML 1.0 Transitional//EN"
    "http://www.w3.org/TR/xhtml1/DTD/xhtml1-transitional.dtd">
<html xmlns="http://www.w3.org/1999/xhtml" xml:lang="en" lang="en">
 <head>
  <title>
</title>
<meta http-equiv="Content-Type" content="text/html;charset=utf-8" />
  <meta name='ocr-system' content='tesseract 3.04.00' />
  <meta name='ocr-capabilities' content='ocr_page ocr_carea ocr_par ocr_line ocrx_word'/>
</head>
<body>
  <div class='ocr_page' id='page_1' title='image "./corpusscriptoru02wissgoog_0012.png"; bbox 0 0 3050 4984; ppageno 0'>
   <div class='ocr_carea' id='block_1_1' title="bbox 255 211 387 266">
    <p class='ocr_par' dir='ltr' id='par_1_1' title="bbox 255 211 387 266">
     <span class='ocr_line' id='line_1_1' title="bbox 255 211 387 266; baseline 0 0"><span class='ocrx_word' id='word_1_1' title='bbox 255 211 281 258; x_wconf 86' lang='lat' dir='ltr'>X</span> <span class='ocrx_word' id='word_1_2' title='bbox 385 261 387 266; x_wconf 92' lang='lat'><em>.</em></span> 
     </span>
    </p>
   </div>
   <div class='ocr_carea' id='block_1_2' title="bbox 244 347 1444 2591">
    <p class='ocr_par' dir='ltr' id='par_1_2' title="bbox 250 347 1382 1292">
     <span class='ocr_line' id='line_1_2' title="bbox 256 347 1382 438; baseline -0.005 -14"><span class='ocrx_word' id='word_1_3' title='bbox 256 349 356 425; x_wconf 79' lang='lat' dir='ltr'>sitos.</span> <span class='ocrx_word' id='word_1_4' title='bbox 380 375 446 424; x_wconf 92' lang='lat' dir='ltr'>nec</span> <span class='ocrx_word' id='word_1_5' title='bbox 467 349 554 423; x_wconf 91' lang='lat' dir='ltr'>haec</span> <span class='ocrx_word' id='word_1_6' title='bbox 575 359 717 423; x_wconf 86' lang='lat' dir='ltr'>tantum</span> <span class='ocrx_word' id='word_1_7' title='bbox 740 348 851 422; x_wconf 91' lang='lat' dir='ltr'>editio</span> <span class='ocrx_word' id='word_1_8' title='bbox 874 348 1065 422; x_wconf 88' lang='lat' dir='ltr'>Lazianam</span> <span class='ocrx_word' id='word_1_9' title='bbox 1084 348 1293 438; x_wconf 79' lang='lat' dir='ltr'>antecessit,</span> <span class='ocrx_word' id='word_1_10' title='bbox 1317 347 1382 420; x_wconf 89' lang='lat' dir='ltr'>sed</span> 
     </span>
     <span class='ocr_line' id='line_1_3' title="bbox 254 466 1381 569; baseline -0.002 -27"><span class='ocrx_word' id='word_1_11' title='bbox 254 479 328 543; x_wconf 88' lang='lat' dir='ltr'>tres</span> <span class='ocrx_word' id='word_1_12' title='bbox 351 480 536 569; x_wconf 90' lang='lat' dir='ltr'>praeterea</span> <span class='ocrx_word' id='word_1_13' title='bbox 557 469 661 560; x_wconf 89' lang='lat' dir='ltr'>aliae,</span> <span class='ocrx_word' id='word_1_14' title='bbox 696 495 767 541; x_wconf 90' lang='lat' dir='ltr'>una</span> <span class='ocrx_word' id='word_1_15' title='bbox 796 493 887 566; x_wconf 90' lang='lat' dir='ltr'>quae</span> <span class='ocrx_word' id='word_1_16' title='bbox 915 468 1061 542; x_wconf 89' lang='lat' dir='ltr'>Zwollis</span> <span class='ocrx_word' id='word_1_17' title='bbox 1084 467 1182 567; x_wconf 90' lang='lat' dir='ltr'>typis</span> <span class='ocrx_word' id='word_1_18' title='bbox 1205 466 1305 541; x_wconf 89' lang='lat' dir='ltr'>Petri</span> <span class='ocrx_word' id='word_1_19' title='bbox 1327 466 1381 543; x_wconf 93' lang='lat' dir='ltr'>Os</span> 
     </span>
     <span class='ocr_line' id='line_1_4' title="bbox 254 589 1381 688; baseline -0.002 -26"><span class='ocrx_word' id='word_1_20' title='bbox 254 591 299 662; x_wconf 93' lang='lat' dir='ltr'>de</span> <span class='ocrx_word' id='word_1_21' title='bbox 317 589 433 664; x_wconf 87' lang='lat' dir='ltr'>Breda</span> <span class='ocrx_word' id='word_1_22' title='bbox 451 589 593 664; x_wconf 90' lang='lat' dir='ltr'>circiter</span> <span class='ocrx_word' id='word_1_23' title='bbox 615 616 643 662; x_wconf 88' lang='lat' dir='ltr'>a.</span> <span class='ocrx_word' id='word_1_24' title='bbox 670 589 812 688; x_wconf 80' lang='lat'>1500*)</span> <span class='ocrx_word' id='word_1_25' title='bbox 834 589 1009 688; x_wconf 87' lang='lat' dir='ltr'>impressa</span> <span class='ocrx_word' id='word_1_26' title='bbox 1025 599 1096 679; x_wconf 90' lang='lat' dir='ltr'>est,</span> <span class='ocrx_word' id='word_1_27' title='bbox 1119 589 1248 678; x_wconf 79' lang='lat' dir='ltr'>altera,</span> <span class='ocrx_word' id='word_1_28' title='bbox 1273 613 1381 685; x_wconf 87' lang='lat' dir='ltr'>quam</span> 
     </span>
     <span class='ocr_line' id='line_1_5' title="bbox 252 706 1380 810; baseline -0.002 -28"><span class='ocrx_word' id='word_1_29' title='bbox 252 710 369 784; x_wconf 87' lang='lat' dir='ltr'>Aldus</span> <span class='ocrx_word' id='word_1_30' title='bbox 392 709 429 782; x_wconf 91' lang='lat' dir='ltr'>in</span> <span class='ocrx_word' id='word_1_31' title='bbox 452 710 596 810; x_wconf 86' lang='lat' dir='ltr'>Sylloge</span> <span class='ocrx_word' id='word_1_32' title='bbox 619 720 809 809; x_wconf 87' lang='lat' dir='ltr'>poetarum</span> <span class='ocrx_word' id='word_1_33' title='bbox 823 709 1113 784; x_wconf 85' lang='lat' dir='ltr'>Christianorum</span> <span class='ocrx_word' id='word_1_34' title='bbox 1134 735 1164 781; x_wconf 91' lang='lat' dir='ltr'>a.</span> <span class='ocrx_word' id='word_1_35' title='bbox 1187 712 1282 782; x_wconf 87' lang='lat'>1501</span> <span class='ocrx_word' id='word_1_36' title='bbox 1305 706 1380 780; x_wconf 90' lang='lat' dir='ltr'>edi·</span> 
     </span>
     <span class='ocr_line' id='line_1_6' title="bbox 253 828 1380 938; baseline 0 -36"><span class='ocrx_word' id='word_1_37' title='bbox 253 830 393 938; x_wconf 58' lang='grc' dir='ltr'>111111),δ</span> <span class='ocrx_word' id='word_1_38' title='bbox 416 830 522 903; x_wconf 89' lang='lat' dir='ltr'>tertia</span> <span class='ocrx_word' id='word_1_39' title='bbox 551 829 706 928; x_wconf 90' lang='lat' dir='ltr'>denique</span> <span class='ocrx_word' id='word_1_40' title='bbox 731 829 776 904; x_wconf 90' lang='lat' dir='ltr'>ab</span> <span class='ocrx_word' id='word_1_41' title='bbox 794 831 936 904; x_wconf 79' lang='lat' dir='ltr'>Jodoco</span> <span class='ocrx_word' id='word_1_42' title='bbox 955 829 1159 904; x_wconf 84' lang='lat' dir='ltr'>Clichtouio</span> <span class='ocrx_word' id='word_1_43' title='bbox 1178 828 1326 904; x_wconf 89' lang='lat' dir='ltr'>Parisiis</span> <span class='ocrx_word' id='word_1_44' title='bbox 1349 855 1380 902; x_wconf 88' lang='lat' dir='ltr'>a.</span> 
     </span>
     <span class='ocr_line' id='line_1_7' title="bbox 255 950 1380 1050; baseline 0.001 -27"><span class='ocrx_word' id='word_1_45' title='bbox 255 955 352 1026; x_wconf 85' lang='lat'>1511</span> <span class='ocrx_word' id='word_1_46' title='bbox 367 963 501 1026; x_wconf 88' lang='lat' dir='ltr'>curata.</span> <span class='ocrx_word' id='word_1_47' title='bbox 524 969 684 1026; x_wconf 85' lang='lat' dir='ltr'>ceterum</span> <span class='ocrx_word' id='word_1_48' title='bbox 705 977 775 1050; x_wconf 85' lang='lat' dir='ltr'>ego</span> <span class='ocrx_word' id='word_1_49' title='bbox 793 953 831 1025; x_wconf 94' lang='lat' dir='ltr'>in</span> <span class='ocrx_word' id='word_1_50' title='bbox 847 951 904 1024; x_wconf 91' lang='lat' dir='ltr'>his</span> <span class='ocrx_word' id='word_1_51' title='bbox 923 951 1024 1025; x_wconf 91' lang='lat' dir='ltr'>libris</span> <span class='ocrx_word' id='word_1_52' title='bbox 1040 950 1269 1026; x_wconf 77' lang='lat' dir='ltr'>recensendis</span> <span class='ocrx_word' id='word_1_53' title='bbox 1286 950 1380 1024; x_wconf 88' lang='lat' dir='ltr'>hanc</span> 
     </span>
     <span class='ocr_line' id='line_1_8' title="bbox 251 1069 1380 1172; baseline -0.001 -29"><span class='ocrx_word' id='word_1_54' title='bbox 251 1071 340 1146; x_wconf 89' lang='lat' dir='ltr'>mihi</span> <span class='ocrx_word' id='word_1_55' title='bbox 362 1071 476 1170; x_wconf 85' lang='lat' dir='ltr'>legem</span> <span class='ocrx_word' id='word_1_56' title='bbox 499 1071 621 1171; x_wconf 85' lang='lat' dir='ltr'>posui,</span> <span class='ocrx_word' id='word_1_57' title='bbox 646 1083 686 1145; x_wconf 90' lang='lat' dir='ltr'>ut</span> <span class='ocrx_word' id='word_1_58' title='bbox 709 1071 838 1172; x_wconf 89' lang='lat' dir='ltr'>optimi</span> <span class='ocrx_word' id='word_1_59' title='bbox 851 1070 1072 1146; x_wconf 88' lang='lat' dir='ltr'>Veronensis</span> <span class='ocrx_word' id='word_1_60' title='bbox 1094 1071 1284 1160; x_wconf 79' lang='lat' dir='ltr'>lectiones,</span> <span class='ocrx_word' id='word_1_61' title='bbox 1308 1069 1380 1143; x_wconf 87' lang='lat' dir='ltr'>nisi</span> 
     </span>
     <span class='ocr_line' id='line_1_9' title="bbox 250 1191 1379 1292; baseline 0 -29"><span class='ocrx_word' id='word_1_62' title='bbox 250 1191 441 1266; x_wconf 82' lang='lat' dir='ltr'>manifesto</span> <span class='ocrx_word' id='word_1_63' title='bbox 464 1203 654 1292; x_wconf 82' lang='lat' dir='ltr'>corruptae</span> <span class='ocrx_word' id='word_1_64' title='bbox 683 1192 910 1285; x_wconf 80' lang='lat' dir='ltr'>uiderentur,</span> <span class='ocrx_word' id='word_1_65' title='bbox 947 1218 1086 1266; x_wconf 88' lang='lat' dir='ltr'>summa</span> <span class='ocrx_word' id='word_1_66' title='bbox 1115 1217 1197 1265; x_wconf 88' lang='lat' dir='ltr'>cum</span> <span class='ocrx_word' id='word_1_67' title='bbox 1218 1191 1292 1264; x_wconf 91' lang='lat' dir='ltr'>fide</span> <span class='ocrx_word' id='word_1_68' title='bbox 1314 1216 1379 1264; x_wconf 85' lang='lat' dir='ltr'>ex-</span> 
     </span>
    </p>

    <p class='ocr_par' dir='ltr' id='par_1_3' title="bbox 244 1295 1444 2591">
     <span class='ocr_line' id='line_1_10' title="bbox 249 1295 1444 1412; baseline -0.001 -28"><span class='ocrx_word' id='word_1_69' title='bbox 249 1310 457 1411; x_wconf 90' lang='lat' dir='ltr'>primerem:</span> <span class='ocrx_word' id='word_1_70' title='bbox 480 1339 563 1385; x_wconf 91' lang='lat' dir='ltr'>nam</span> <span class='ocrx_word' id='word_1_71' title='bbox 581 1313 619 1387; x_wconf 91' lang='lat' dir='ltr'>in</span> <span class='ocrx_word' id='word_1_72' title='bbox 637 1313 756 1403; x_wconf 82' lang='lat' dir='ltr'>libris,</span> <span class='ocrx_word' id='word_1_73' title='bbox 780 1312 934 1412; x_wconf 91' lang='lat' dir='ltr'>quiquo</span> <span class='ocrx_word' id='word_1_74' title='bbox 953 1311 1093 1412; x_wconf 89' lang='lat' dir='ltr'>saepius</span> <span class='ocrx_word' id='word_1_75' title='bbox 1110 1310 1378 1401; x_wconf 82' lang='lat' dir='ltr'>lectitabantur,</span> <span class='ocrx_word' id='word_1_76' title='bbox 1440 1295 1444 1300; x_wconf 32' lang='lat'>⁸</span> 
     </span>
     <span class='ocr_line' id='line_1_11' title="bbox 250 1432 1379 1532; baseline -0.001 -27"><span class='ocrx_word' id='word_1_77' title='bbox 250 1456 293 1505; x_wconf 92' lang='lat' dir='ltr'>eo</span> <span class='ocrx_word' id='word_1_78' title='bbox 317 1432 431 1530; x_wconf 80' lang='lat' dir='ltr'>magis</span> <span class='ocrx_word' id='word_1_79' title='bbox 453 1432 660 1532; x_wconf 87' lang='lat' dir='ltr'>interpolati</span> <span class='ocrx_word' id='word_1_80' title='bbox 684 1444 788 1525; x_wconf 83' lang='lat' dir='ltr'>sunt,</span> <span class='ocrx_word' id='word_1_81' title='bbox 821 1460 879 1507; x_wconf 91' lang='lat' dir='ltr'>res</span> <span class='ocrx_word' id='word_1_82' title='bbox 901 1459 1031 1532; x_wconf 89' lang='lat' dir='ltr'>anceps</span> <span class='ocrx_word' id='word_1_83' title='bbox 1056 1432 1248 1506; x_wconf 87' lang='lat' dir='ltr'>uidebatur</span> <span class='ocrx_word' id='word_1_84' title='bbox 1282 1432 1379 1505; x_wconf 91' lang='lat' dir='ltr'>iuter</span> 
     </span>
     <span class='ocr_line' id='line_1_12' title="bbox 249 1551 1378 1649; baseline -0.001 -24"><span class='ocrx_word' id='word_1_85' title='bbox 249 1551 412 1628; x_wconf 82' lang='lat' dir='ltr'>diuersas</span> <span class='ocrx_word' id='word_1_86' title='bbox 435 1553 601 1627; x_wconf 91' lang='lat' dir='ltr'>codicum</span> <span class='ocrx_word' id='word_1_87' title='bbox 619 1553 771 1628; x_wconf 87' lang='lat' dir='ltr'>familias</span> <span class='ocrx_word' id='word_1_88' title='bbox 788 1554 898 1627; x_wconf 93' lang='lat' dir='ltr'>modo</span> <span class='ocrx_word' id='word_1_89' title='bbox 917 1554 1012 1627; x_wconf 93' lang='lat' dir='ltr'>hanc</span> <span class='ocrx_word' id='word_1_90' title='bbox 1030 1554 1140 1626; x_wconf 92' lang='lat' dir='ltr'>modo</span> <span class='ocrx_word' id='word_1_91' title='bbox 1158 1553 1256 1625; x_wconf 89' lang='lat' dir='ltr'>illam</span> <span class='ocrx_word' id='word_1_92' title='bbox 1275 1551 1378 1649; x_wconf 92' lang='lat' dir='ltr'>sequi</span> 
     </span>
     <span class='ocr_line' id='line_1_13' title="bbox 249 1673 1377 1773; baseline -0.001 -27"><span class='ocrx_word' id='word_1_93' title='bbox 249 1683 286 1746; x_wconf 92' lang='lat' dir='ltr'>et</span> <span class='ocrx_word' id='word_1_94' title='bbox 318 1673 512 1746; x_wconf 91' lang='lat' dir='ltr'>lectionum</span> <span class='ocrx_word' id='word_1_95' title='bbox 542 1673 727 1773; x_wconf 84' lang='lat' dir='ltr'>optionem</span> <span class='ocrx_word' id='word_1_96' title='bbox 757 1675 861 1772; x_wconf 91' lang='lat' dir='ltr'>quasi</span> <span class='ocrx_word' id='word_1_97' title='bbox 890 1673 1118 1747; x_wconf 82' lang='lat' dir='ltr'>arbitrariam</span> <span class='ocrx_word' id='word_1_98' title='bbox 1146 1675 1273 1746; x_wconf 84' lang='lat' dir='ltr'>facere.</span> <span class='ocrx_word' id='word_1_99' title='bbox 1309 1673 1377 1745; x_wconf 91' lang='lat' dir='ltr'>hos</span> 
     </span>
     <span class='ocr_line' id='line_1_14' title="bbox 247 1792 1377 1893; baseline -0.001 -28"><span class='ocrx_word' id='word_1_100' title='bbox 247 1802 366 1866; x_wconf 89' lang='lat' dir='ltr'>autem</span> <span class='ocrx_word' id='word_1_101' title='bbox 397 1793 510 1867; x_wconf 92' lang='lat' dir='ltr'>libros</span> <span class='ocrx_word' id='word_1_102' title='bbox 540 1793 611 1866; x_wconf 86' lang='lat' dir='ltr'>iam</span> <span class='ocrx_word' id='word_1_103' title='bbox 640 1794 782 1893; x_wconf 85' lang='lat' dir='ltr'>pridem</span> <span class='ocrx_word' id='word_1_104' title='bbox 808 1794 1044 1892; x_wconf 91' lang='lat' dir='ltr'>interpolatos</span> <span class='ocrx_word' id='word_1_105' title='bbox 1068 1819 1147 1867; x_wconf 92' lang='lat' dir='ltr'>esse</span> <span class='ocrx_word' id='word_1_106' title='bbox 1169 1792 1254 1865; x_wconf 92' lang='lat' dir='ltr'>inde</span> <span class='ocrx_word' id='word_1_107' title='bbox 1275 1793 1377 1865; x_wconf 93' lang='lat' dir='ltr'>lucu-</span> 
     </span>
     <span class='ocr_line' id='line_1_15' title="bbox 247 1912 1379 2013; baseline 0.002 -29"><span class='ocrx_word' id='word_1_108' title='bbox 247 1912 446 1986; x_wconf 86' lang='lat' dir='ltr'>lentissime</span> <span class='ocrx_word' id='word_1_109' title='bbox 469 1925 635 2013; x_wconf 86' lang='lat' dir='ltr'>apparet‚</span> <span class='ocrx_word' id='word_1_110' title='bbox 676 1915 775 2011; x_wconf 87' lang='lat' dir='ltr'>quod</span> <span class='ocrx_word' id='word_1_111' title='bbox 810 1913 847 1986; x_wconf 95' lang='lat' dir='ltr'>in</span> <span class='ocrx_word' id='word_1_112' title='bbox 883 1915 994 1988; x_wconf 90' lang='lat' dir='ltr'>altera</span> <span class='ocrx_word' id='word_1_113' title='bbox 1027 1914 1160 1987; x_wconf 89' lang='lat' dir='ltr'>familia</span> <span class='ocrx_word' id='word_1_114' title='bbox 1194 1912 1296 1986; x_wconf 89' lang='lat' dir='ltr'>locus</span> <span class='ocrx_word' id='word_1_115' title='bbox 1333 1914 1379 1986; x_wconf 90' lang='lat' dir='ltr'>de</span> 
     </span>
     <span class='ocr_line' id='line_1_16' title="bbox 246 2031 1376 2133; baseline -0.001 -27"><span class='ocrx_word' id='word_1_116' title='bbox 246 2033 476 2107; x_wconf 84' lang='lat' dir='ltr'>Antichristo</span> <span class='ocrx_word' id='word_1_117' title='bbox 506 2033 614 2130; x_wconf 85' lang='lat' dir='ltr'>(Dial.</span> <span class='ocrx_word' id='word_1_118' title='bbox 645 2033 682 2108; x_wconf 95' lang='grc' dir='ltr'>ΙΙ</span> <span class='ocrx_word' id='word_1_119' title='bbox 714 2060 742 2108; x_wconf 84' lang='grc'>1.</span> <span class='ocrx_word' id='word_1_120' title='bbox 770 2038 834 2133; x_wconf 88' lang='lat'>14)</span> <span class='ocrx_word' id='word_1_121' title='bbox 864 2035 1003 2108; x_wconf 89' lang='lat' dir='ltr'>deletus</span> <span class='ocrx_word' id='word_1_122' title='bbox 1035 2047 1110 2126; x_wconf 86' lang='lat' dir='ltr'>est,</span> <span class='ocrx_word' id='word_1_123' title='bbox 1134 2033 1269 2107; x_wconf 90' lang='lat' dir='ltr'>scilicet</span> <span class='ocrx_word' id='word_1_124' title='bbox 1291 2031 1376 2132; x_wconf 92' lang='lat' dir='ltr'>quia</span> 
     </span>
     <span class='ocr_line' id='line_1_17' title="bbox 245 2152 1372 2253; baseline 0.001 -28"><span class='ocrx_word' id='word_1_125' title='bbox 245 2153 472 2253; x_wconf 86' lang='lat' dir='ltr'>praesagium</span> <span class='ocrx_word' id='word_1_126' title='bbox 494 2180 514 2226; x_wconf 88' lang='lat' dir='ltr'>a</span> <span class='ocrx_word' id='word_1_127' title='bbox 537 2152 696 2253; x_wconf 90' lang='lat' dir='ltr'>Sulpicio</span> <span class='ocrx_word' id='word_1_128' title='bbox 718 2155 853 2228; x_wconf 86' lang='lat' dir='ltr'>factum</span> <span class='ocrx_word' id='word_1_129' title='bbox 875 2156 1005 2239; x_wconf 87' lang='lat' dir='ltr'>falsum</span> <span class='ocrx_word' id='word_1_130' title='bbox 1026 2155 1138 2228; x_wconf 85' lang='lat' dir='ltr'>fuisse</span> <span class='ocrx_word' id='word_1_131' title='bbox 1160 2153 1372 2253; x_wconf 85' lang='lat' dir='ltr'>paulopost</span> 
     </span>
     <span class='ocr_line' id='line_1_18' title="bbox 246 2274 1372 2372; baseline 0 -26"><span class='ocrx_word' id='word_1_132' title='bbox 246 2274 433 2372; x_wconf 84' lang='lat' dir='ltr'>cognitum</span> <span class='ocrx_word' id='word_1_133' title='bbox 465 2285 538 2350; x_wconf 90' lang='lat' dir='ltr'>est:</span> <span class='ocrx_word' id='word_1_134' title='bbox 575 2286 700 2349; x_wconf 87' lang='lat' dir='ltr'>contra</span> <span class='ocrx_word' id='word_1_135' title='bbox 728 2275 767 2349; x_wconf 94' lang='lat' dir='ltr'>in</span> <span class='ocrx_word' id='word_1_136' title='bbox 798 2276 909 2350; x_wconf 90' lang='lat' dir='ltr'>altera</span> <span class='ocrx_word' id='word_1_137' title='bbox 931 2275 1156 2350; x_wconf 90' lang='lat' dir='ltr'>desideratur</span> <span class='ocrx_word' id='word_1_138' title='bbox 1178 2275 1372 2348; x_wconf 92' lang='lat' dir='ltr'>uehemens</span> 
     </span>
     <span class='ocr_line' id='line_1_19' title="bbox 244 2393 1373 2494; baseline 0 -28"><span class='ocrx_word' id='word_1_139' title='bbox 244 2393 283 2466; x_wconf 94' lang='lat' dir='ltr'>in</span> <span class='ocrx_word' id='word_1_140' title='bbox 305 2393 524 2469; x_wconf 88' lang='lat' dir='ltr'>Brictionem</span> <span class='ocrx_word' id='word_1_141' title='bbox 547 2396 704 2470; x_wconf 90' lang='lat' dir='ltr'>inuectio</span> <span class='ocrx_word' id='word_1_142' title='bbox 728 2396 836 2494; x_wconf 87' lang='lat' dir='ltr'>(Dial.</span> <span class='ocrx_word' id='word_1_143' title='bbox 859 2396 925 2488; x_wconf 88' lang='lat' dir='ltr'>III,</span> <span class='ocrx_word' id='word_1_144' title='bbox 950 2423 980 2470; x_wconf 87' lang='lat' dir='ltr'>c.</span> <span class='ocrx_word' id='word_1_145' title='bbox 1008 2400 1052 2469; x_wconf 83' lang='lat'>15</span> <span class='ocrx_word' id='word_1_146' title='bbox 1077 2397 1170 2493; x_wconf 62' lang='grc'>111),</span> <span class='ocrx_word' id='word_1_147' title='bbox 1195 2421 1302 2492; x_wconf 91' lang='lat' dir='ltr'>quam</span> <span class='ocrx_word' id='word_1_148' title='bbox 1327 2393 1373 2467; x_wconf 90' lang='lat' dir='ltr'>ob</span> 
     </span>
     <span class='ocr_line' id='line_1_20' title="bbox 245 2514 1372 2591; baseline 0 -3"><span class='ocrx_word' id='word_1_149' title='bbox 245 2514 366 2588; x_wconf 85' lang='lat' dir='ltr'>Sancti</span> <span class='ocrx_word' id='word_1_150' title='bbox 400 2517 641 2589; x_wconf 85' lang='lat' dir='ltr'>reuerentiam</span> <span class='ocrx_word' id='word_1_151' title='bbox 676 2519 714 2590; x_wconf 93' lang='lat' dir='ltr'>in</span> <span class='ocrx_word' id='word_1_152' title='bbox 750 2517 874 2591; x_wconf 91' lang='lat' dir='ltr'>multis</span> <span class='ocrx_word' id='word_1_153' title='bbox 908 2517 1010 2590; x_wconf 90' lang='lat' dir='ltr'>libris</span> <span class='ocrx_word' id='word_1_154' title='bbox 1046 2516 1262 2589; x_wconf 85' lang='lat' dir='ltr'>exstinctam</span> <span class='ocrx_word' id='word_1_155' title='bbox 1295 2540 1372 2588; x_wconf 92' lang='lat' dir='ltr'>esse</span> 
     </span>
    </p>
   </div>
   <div class='ocr_carea' id='block_1_3' title="bbox 243 2819 1374 3233">
    <p class='ocr_par' dir='ltr' id='par_1_4' title="bbox 243 2819 1374 3233">
     <span class='ocr_line' id='line_1_21' title="bbox 294 2819 1373 2890; baseline 0.004 -16"><span class='ocrx_word' id='word_1_156' title='bbox 294 2820 319 2890; x_wconf 85' lang='grc'>*)</span> <span class='ocrx_word' id='word_1_157' title='bbox 331 2819 388 2874; x_wconf 87' lang='lat' dir='ltr'>Alii</span> <span class='ocrx_word' id='word_1_158' title='bbox 409 2837 467 2874; x_wconf 88' lang='lat' dir='ltr'>eam</span> <span class='ocrx_word' id='word_1_159' title='bbox 488 2837 555 2875; x_wconf 84' lang='lat' dir='ltr'>anno</span> <span class='ocrx_word' id='word_1_160' title='bbox 578 2821 667 2885; x_wconf 81' lang='lat'>1490,</span> <span class='ocrx_word' id='word_1_161' title='bbox 696 2821 744 2875; x_wconf 83' lang='lat' dir='ltr'>alii</span> <span class='ocrx_word' id='word_1_162' title='bbox 766 2839 789 2876; x_wconf 90' lang='grc'>1.</span> <span class='ocrx_word' id='word_1_163' title='bbox 814 2822 890 2881; x_wconf 86' lang='grc'>1495</span> <span class='ocrx_word' id='word_1_164' title='bbox 912 2823 1074 2877; x_wconf 83' lang='lat' dir='ltr'>adscribunt.</span> <span class='ocrx_word' id='word_1_165' title='bbox 1093 2823 1200 2876; x_wconf 81' lang='lat' dir='ltr'>Titulus</span> <span class='ocrx_word' id='word_1_166' title='bbox 1223 2821 1314 2875; x_wconf 89' lang='lat' dir='ltr'>libelli</span> <span class='ocrx_word' id='word_1_167' title='bbox 1335 2819 1373 2878; x_wconf 88' lang='grc'>36</span> 
     </span>
     <span class='ocr_line' id='line_1_22' title="bbox 244 2905 1374 2977; baseline 0 -17"><span class='ocrx_word' id='word_1_168' title='bbox 244 2905 318 2960; x_wconf 85' lang='lat' dir='ltr'>foliis</span> <span class='ocrx_word' id='word_1_169' title='bbox 336 2907 484 2960; x_wconf 83' lang='lat' dir='ltr'>constantis</span> <span class='ocrx_word' id='word_1_170' title='bbox 504 2907 548 2961; x_wconf 87' lang='lat' dir='ltr'>hic</span> <span class='ocrx_word' id='word_1_171' title='bbox 569 2909 623 2962; x_wconf 88' lang='lat' dir='ltr'>est:</span> <span class='ocrx_word' id='word_1_172' title='bbox 649 2907 682 2960; x_wconf 94' lang='lat' dir='ltr'>In</span> <span class='ocrx_word' id='word_1_173' title='bbox 702 2906 751 2961; x_wconf 86' lang='lat' dir='ltr'>hoc</span> <span class='ocrx_word' id='word_1_174' title='bbox 772 2923 849 2977; x_wconf 90' lang='lat' dir='ltr'>opere</span> <span class='ocrx_word' id='word_1_175' title='bbox 872 2908 1023 2962; x_wconf 75' lang='lat' dir='ltr'>continetur</span> <span class='ocrx_word' id='word_1_176' title='bbox 1047 2909 1107 2961; x_wconf 84' lang='lat' dir='ltr'>uite</span> <span class='ocrx_word' id='word_1_177' title='bbox 1132 2908 1245 2961; x_wconf 91' lang='lat' dir='ltr'>Martini</span> <span class='ocrx_word' id='word_1_178' title='bbox 1266 2909 1270 2974; x_wconf 91' lang='grc' dir='ltr'>Ι</span> <span class='ocrx_word' id='word_1_179' title='bbox 1291 2907 1374 2960; x_wconf 84' lang='lat' dir='ltr'>Turo-</span> 
     </span>
     <span class='ocr_line' id='line_1_23' title="bbox 245 2992 1373 3065; baseline 0 -20"><span class='ocrx_word' id='word_1_180' title='bbox 245 2993 335 3046; x_wconf 90' lang='lat' dir='ltr'>nensis</span> <span class='ocrx_word' id='word_1_181' title='bbox 353 2993 544 3064; x_wconf 81' lang='lat' dir='ltr'>erchiepiscopi</span> <span class='ocrx_word' id='word_1_182' title='bbox 562 2993 628 3049; x_wconf 80' lang='lat' dir='ltr'>Cum</span> <span class='ocrx_word' id='word_1_183' title='bbox 650 2993 689 3047; x_wconf 91' lang='lat' dir='ltr'>tri</span> <span class='ocrx_word' id='word_1_184' title='bbox 704 2995 708 3063; x_wconf 82' lang='lat' dir='ltr'>l</span> <span class='ocrx_word' id='word_1_185' title='bbox 723 2995 773 3049; x_wconf 89' lang='lat' dir='ltr'>bus</span> <span class='ocrx_word' id='word_1_186' title='bbox 793 2995 927 3065; x_wconf 85' lang='lat' dir='ltr'>opusculis</span> <span class='ocrx_word' id='word_1_187' title='bbox 944 2995 1116 3064; x_wconf 84' lang='lat' dir='ltr'>dyologornm</span> <span class='ocrx_word' id='word_1_188' title='bbox 1132 3011 1180 3065; x_wconf 88' lang='lat' dir='ltr'>per</span> <span class='ocrx_word' id='word_1_189' title='bbox 1195 2996 1199 3061; x_wconf 82' lang='grc'>1</span> <span class='ocrx_word' id='word_1_190' title='bbox 1215 2994 1316 3062; x_wconf 87' lang='lat' dir='ltr'>scripta</span> <span class='ocrx_word' id='word_1_191' title='bbox 1339 2992 1373 3046; x_wconf 92' lang='lat' dir='ltr'>ab</span> 
     </span>
     <span class='ocr_line' id='line_1_24' title="bbox 245 3079 1373 3150; baseline 0.004 -19"><span class='ocrx_word' id='word_1_192' title='bbox 245 3079 442 3147; x_wconf 76' lang='lat' dir='ltr'>cloquetissimo</span> <span class='ocrx_word' id='word_1_193' title='bbox 464 3081 467 3148; x_wconf 82' lang='grc' dir='ltr'>Ι</span> <span class='ocrx_word' id='word_1_194' title='bbox 488 3079 599 3136; x_wconf 84' lang='lat' dir='ltr'>Oratore</span> <span class='ocrx_word' id='word_1_195' title='bbox 622 3079 717 3134; x_wconf 86' lang='lat' dir='ltr'>Seuero</span> <span class='ocrx_word' id='word_1_196' title='bbox 739 3081 787 3134; x_wconf 78' lang='lat' dir='ltr'>Sul</span> <span class='ocrx_word' id='word_1_197' title='bbox 802 3084 805 3149; x_wconf 80' lang='grc' dir='ltr'>ξ</span> <span class='ocrx_word' id='word_1_198' title='bbox 820 3080 889 3150; x_wconf 89' lang='lat' dir='ltr'>pitio</span> <span class='ocrx_word' id='word_1_199' title='bbox 910 3080 1028 3134; x_wconf 89' lang='lat' dir='ltr'>eiusdem</span> <span class='ocrx_word' id='word_1_200' title='bbox 1048 3081 1102 3134; x_wconf 91' lang='lat' dir='ltr'>uiri</span> <span class='ocrx_word' id='word_1_201' title='bbox 1116 3087 1121 3150; x_wconf 78' lang='grc'>1</span> <span class='ocrx_word' id='word_1_202' title='bbox 1137 3080 1301 3134; x_wconf 85' lang='lat' dir='ltr'>sanctissimi</span> <span class='ocrx_word' id='word_1_203' title='bbox 1318 3082 1373 3135; x_wconf 88' lang='lat' dir='ltr'>dis-</span> 
     </span>
     <span class='ocr_line' id='line_1_25' title="bbox 243 3163 337 3233; baseline 0 -15"><span class='ocrx_word' id='word_1_204' title='bbox 243 3163 337 3233; x_wconf 89' lang='lat' dir='ltr'>cipulo.</span> 
     </span>
    </p>
   </div>
   <div class='ocr_carea' id='block_1_4' title="bbox 209 3335 1372 4167">
    <p class='ocr_par' dir='ltr' id='par_1_5' title="bbox 209 3335 1372 4167">
     <span class='ocr_line' id='line_1_26' title="bbox 292 3335 1371 3409; baseline 0.008 -21"><span class='ocrx_word' id='word_1_205' title='bbox 292 3335 333 3405; x_wconf 80' lang='grc'>**)</span> <span class='ocrx_word' id='word_1_206' title='bbox 351 3335 407 3390; x_wconf 86' lang='lat' dir='ltr'>Jac.</span> <span class='ocrx_word' id='word_1_207' title='bbox 422 3335 531 3392; x_wconf 83' lang='lat' dir='ltr'>Carolus</span> <span class='ocrx_word' id='word_1_208' title='bbox 552 3339 655 3392; x_wconf 89' lang='lat' dir='ltr'>Brunet</span> <span class='ocrx_word' id='word_1_209' title='bbox 676 3339 806 3393; x_wconf 86' lang='lat' dir='ltr'>describit</span> <span class='ocrx_word' id='word_1_210' title='bbox 826 3340 946 3409; x_wconf 87' lang='lat' dir='ltr'>(Manuel</span> <span class='ocrx_word' id='word_1_211' title='bbox 962 3340 998 3394; x_wconf 94' lang='lat' dir='ltr'>du</span> <span class='ocrx_word' id='word_1_212' title='bbox 1013 3340 1137 3395; x_wconf 87' lang='lat' dir='ltr'>Libraire</span> <span class='ocrx_word' id='word_1_213' title='bbox 1149 3341 1201 3395; x_wconf 84' lang='grc'>1101</span> <span class='ocrx_word' id='word_1_214' title='bbox 1214 3341 1239 3396; x_wconf 87' lang='lat' dir='ltr'><strong>V</strong></span> <span class='ocrx_word' id='word_1_215' title='bbox 1250 3342 1299 3395; x_wconf 77' lang='lat' dir='ltr'>col</span> <span class='ocrx_word' id='word_1_216' title='bbox 1313 3341 1371 3398; x_wconf 82' lang='lat'>322</span> 
     </span>
     <span class='ocr_line' id='line_1_27' title="bbox 241 3419 1370 3495; baseline 0.006 -21"><span class='ocrx_word' id='word_1_217' title='bbox 241 3419 280 3474; x_wconf 87' lang='lat' dir='ltr'>ed</span> <span class='ocrx_word' id='word_1_218' title='bbox 291 3421 335 3492; x_wconf 88' lang='lat' dir='ltr'>V.)</span> <span class='ocrx_word' id='word_1_219' title='bbox 353 3422 497 3477; x_wconf 90' lang='lat' dir='ltr'>editionem</span> <span class='ocrx_word' id='word_1_220' title='bbox 522 3424 561 3478; x_wconf 87' lang='lat' dir='ltr'>sic</span> <span class='ocrx_word' id='word_1_221' title='bbox 581 3424 751 3495; x_wconf 86' lang='lat' dir='ltr'>inscriptam:</span> <span class='ocrx_word' id='word_1_222' title='bbox 770 3425 912 3494; x_wconf 85' lang='lat' dir='ltr'>‘Sulpicius</span> <span class='ocrx_word' id='word_1_223' title='bbox 933 3426 1046 3481; x_wconf 87' lang='lat' dir='ltr'>Seuerus</span> <span class='ocrx_word' id='word_1_224' title='bbox 1066 3427 1099 3481; x_wconf 90' lang='lat' dir='ltr'>de</span> <span class='ocrx_word' id='word_1_225' title='bbox 1120 3428 1179 3481; x_wconf 89' lang='lat' dir='ltr'>uita</span> <span class='ocrx_word' id='word_1_226' title='bbox 1200 3430 1227 3481; x_wconf 90' lang='lat' dir='ltr'>et</span> <span class='ocrx_word' id='word_1_227' title='bbox 1248 3427 1324 3481; x_wconf 88' lang='lat' dir='ltr'>obitu</span> <span class='ocrx_word' id='word_1_228' title='bbox 1345 3428 1370 3481; x_wconf 86' lang='lat' dir='ltr'>S·</span> 
     </span>
     <span class='ocr_line' id='line_1_28' title="bbox 240 3506 1370 3582; baseline 0.006 -22"><span class='ocrx_word' id='word_1_229' title='bbox 240 3506 354 3560; x_wconf 88' lang='lat' dir='ltr'>Martini</span> <span class='ocrx_word' id='word_1_230' title='bbox 372 3509 488 3579; x_wconf 87' lang='lat' dir='ltr'>episcopi</span> <span class='ocrx_word' id='word_1_231' title='bbox 508 3511 675 3564; x_wconf 80' lang='lat' dir='ltr'>Turonensis.</span> <span class='ocrx_word' id='word_1_232' title='bbox 694 3511 774 3564; x_wconf 90' lang='lat' dir='ltr'>Beati</span> <span class='ocrx_word' id='word_1_233' title='bbox 790 3512 897 3565; x_wconf 92' lang='lat' dir='ltr'>Nicolai</span> <span class='ocrx_word' id='word_1_234' title='bbox 914 3514 1044 3582; x_wconf 86' lang='lat' dir='ltr'>myrensis</span> <span class='ocrx_word' id='word_1_235' title='bbox 1064 3514 1124 3568; x_wconf 83' lang='lat' dir='ltr'>uita</span> <span class='ocrx_word' id='word_1_236' title='bbox 1144 3515 1203 3575; x_wconf 83' lang='lat' dir='ltr'>etc&#39;</span> <span class='ocrx_word' id='word_1_237' title='bbox 1223 3530 1303 3582; x_wconf 89' lang='lat' dir='ltr'>quam</span> <span class='ocrx_word' id='word_1_238' title='bbox 1317 3515 1370 3567; x_wconf 90' lang='lat' dir='ltr'>Ve-</span> 
     </span>
     <span class='ocr_line' id='line_1_29' title="bbox 239 3593 1372 3669; baseline 0.009 -24"><span class='ocrx_word' id='word_1_239' title='bbox 239 3593 322 3646; x_wconf 77' lang='grc'>111111</span> <span class='ocrx_word' id='word_1_240' title='bbox 340 3593 414 3663; x_wconf 90' lang='lat' dir='ltr'>typis</span> <span class='ocrx_word' id='word_1_241' title='bbox 435 3610 585 3665; x_wconf 84' lang='lat' dir='ltr'>expressam</span> <span class='ocrx_word' id='word_1_242' title='bbox 606 3613 662 3650; x_wconf 89' lang='lat' dir='ltr'>esse</span> <span class='ocrx_word' id='word_1_243' title='bbox 683 3598 842 3666; x_wconf 87' lang='lat' dir='ltr'>suspicatur.</span> <span class='ocrx_word' id='word_1_244' title='bbox 862 3598 926 3653; x_wconf 86' lang='lat' dir='ltr'>haec</span> <span class='ocrx_word' id='word_1_245' title='bbox 948 3599 1097 3653; x_wconf 85' lang='lat' dir='ltr'>coniectura</span> <span class='ocrx_word' id='word_1_246' title='bbox 1116 3601 1210 3669; x_wconf 87' lang='lat' dir='ltr'>utiquc</span> <span class='ocrx_word' id='word_1_247' title='bbox 1231 3617 1295 3654; x_wconf 89' lang='lat' dir='ltr'>uera</span> <span class='ocrx_word' id='word_1_248' title='bbox 1316 3602 1372 3654; x_wconf 81' lang='lat' dir='ltr'>est²</span> 
     </span>
     <span class='ocr_line' id='line_1_30' title="bbox 238 3679 1371 3757; baseline 0.007 -25"><span class='ocrx_word' id='word_1_249' title='bbox 238 3695 301 3733; x_wconf 89' lang='lat' dir='ltr'>nam</span> <span class='ocrx_word' id='word_1_250' title='bbox 319 3679 402 3734; x_wconf 90' lang='lat' dir='ltr'>editio</span> <span class='ocrx_word' id='word_1_251' title='bbox 424 3681 458 3734; x_wconf 89' lang='lat' dir='ltr'>ab</span> <span class='ocrx_word' id='word_1_252' title='bbox 479 3697 509 3735; x_wconf 90' lang='lat' dir='ltr'>eo</span> <span class='ocrx_word' id='word_1_253' title='bbox 532 3682 665 3752; x_wconf 84' lang='lat' dir='ltr'>descripta</span> <span class='ocrx_word' id='word_1_254' title='bbox 687 3700 738 3738; x_wconf 91' lang='lat' dir='ltr'>non</span> <span class='ocrx_word' id='word_1_255' title='bbox 756 3685 865 3737; x_wconf 86' lang='lat' dir='ltr'>aliaest</span> <span class='ocrx_word' id='word_1_256' title='bbox 884 3685 939 3737; x_wconf 92' lang='lat' dir='ltr'>nisi</span> <span class='ocrx_word' id='word_1_257' title='bbox 960 3684 1019 3754; x_wconf 86' lang='lat' dir='ltr'>ipsa</span> <span class='ocrx_word' id='word_1_258' title='bbox 1038 3686 1137 3740; x_wconf 88' lang='lat' dir='ltr'>Aldina</span> <span class='ocrx_word' id='word_1_259' title='bbox 1157 3687 1214 3740; x_wconf 91' lang='lat' dir='ltr'>siue</span> <span class='ocrx_word' id='word_1_260' title='bbox 1234 3703 1296 3757; x_wconf 90' lang='lat' dir='ltr'>pars</span> <span class='ocrx_word' id='word_1_261' title='bbox 1315 3688 1371 3757; x_wconf 87' lang='lat' dir='ltr'>syl-</span> 
     </span>
     <span class='ocr_line' id='line_1_31' title="bbox 238 3765 1371 3841; baseline 0.01 -24"><span class='ocrx_word' id='word_1_262' title='bbox 238 3765 312 3834; x_wconf 84' lang='lat' dir='ltr'>loges</span> <span class='ocrx_word' id='word_1_263' title='bbox 330 3769 469 3834; x_wconf 87' lang='lat' dir='ltr'>poctarum</span> <span class='ocrx_word' id='word_1_264' title='bbox 491 3766 719 3823; x_wconf 83' lang='lat' dir='ltr'>Christianorum:</span> <span class='ocrx_word' id='word_1_265' title='bbox 743 3769 812 3838; x_wconf 87' lang='lat' dir='ltr'>quod</span> <span class='ocrx_word' id='word_1_266' title='bbox 832 3769 903 3823; x_wconf 91' lang='lat' dir='ltr'>idem</span> <span class='ocrx_word' id='word_1_267' title='bbox 926 3771 956 3823; x_wconf 93' lang='lat' dir='ltr'>in</span> <span class='ocrx_word' id='word_1_268' title='bbox 982 3771 1044 3824; x_wconf 87' lang='lat' dir='ltr'>aliis</span> <span class='ocrx_word' id='word_1_269' title='bbox 1065 3788 1168 3841; x_wconf 87' lang='lat' dir='ltr'>quoque</span> <span class='ocrx_word' id='word_1_270' title='bbox 1188 3773 1295 3828; x_wconf 83' lang='lat' dir='ltr'>Aldinis</span> <span class='ocrx_word' id='word_1_271' title='bbox 1316 3773 1371 3828; x_wconf 87' lang='lat' dir='ltr'>fac·</span> 
     </span>
     <span class='ocr_line' id='line_1_32' title="bbox 238 3851 1370 3930; baseline 0.012 -28"><span class='ocrx_word' id='word_1_272' title='bbox 238 3851 297 3904; x_wconf 90' lang='lat' dir='ltr'>tum</span> <span class='ocrx_word' id='word_1_273' title='bbox 315 3851 474 3918; x_wconf 89' lang='lat' dir='ltr'>inuenimus‚</span> <span class='ocrx_word' id='word_1_274' title='bbox 497 3856 528 3908; x_wconf 85' lang='lat' dir='ltr'>ut</span> <span class='ocrx_word' id='word_1_275' title='bbox 549 3870 565 3906; x_wconf 86' lang='lat' dir='ltr'>a</span> <span class='ocrx_word' id='word_1_276' title='bbox 585 3855 705 3909; x_wconf 87' lang='lat' dir='ltr'>librariis</span> <span class='ocrx_word' id='word_1_277' title='bbox 723 3858 772 3909; x_wconf 88' lang='lat' dir='ltr'>aut</span> <span class='ocrx_word' id='word_1_278' title='bbox 788 3855 822 3909; x_wconf 91' lang='lat' dir='ltr'>ab</span> <span class='ocrx_word' id='word_1_279' title='bbox 834 3856 1012 3925; x_wconf 86' lang='lat' dir='ltr'>exemplorum</span> <span class='ocrx_word' id='word_1_280' title='bbox 1030 3860 1225 3927; x_wconf 89' lang='lat' dir='ltr'>possessoribus</span> <span class='ocrx_word' id='word_1_281' title='bbox 1238 3861 1268 3914; x_wconf 89' lang='lat' dir='ltr'>in</span> <span class='ocrx_word' id='word_1_282' title='bbox 1278 3864 1370 3930; x_wconf 79' lang='lat' dir='ltr'>partes</span> 
     </span>
     <span class='ocr_line' id='line_1_33' title="bbox 239 3935 1370 4011; baseline 0.01 -21"><span class='ocrx_word' id='word_1_283' title='bbox 239 3935 359 4004; x_wconf 82' lang='lat' dir='ltr'>singulas</span> <span class='ocrx_word' id='word_1_284' title='bbox 380 3938 582 3994; x_wconf 88' lang='lat' dir='ltr'>dissecarentur.</span> <span class='ocrx_word' id='word_1_285' title='bbox 602 3941 688 4011; x_wconf 87' lang='lat' dir='ltr'>partis</span> <span class='ocrx_word' id='word_1_286' title='bbox 709 3941 797 4005; x_wconf 89' lang='lat' dir='ltr'>illius,</span> <span class='ocrx_word' id='word_1_287' title='bbox 816 3958 883 4010; x_wconf 88' lang='lat' dir='ltr'>quae</span> <span class='ocrx_word' id='word_1_288' title='bbox 902 3942 972 3995; x_wconf 88' lang='grc'>10111</span> <span class='ocrx_word' id='word_1_289' title='bbox 994 3943 1064 3997; x_wconf 88' lang='lat' dir='ltr'>uitas</span> <span class='ocrx_word' id='word_1_290' title='bbox 1076 3945 1190 3998; x_wconf 88' lang='lat' dir='ltr'>Martini</span> <span class='ocrx_word' id='word_1_291' title='bbox 1211 3948 1238 3999; x_wconf 90' lang='lat' dir='ltr'>et</span> <span class='ocrx_word' id='word_1_292' title='bbox 1262 3947 1370 4001; x_wconf 85' lang='lat' dir='ltr'>Nicolai</span> 
     </span>
     <span class='ocr_line' id='line_1_34' title="bbox 209 4023 1369 4102; baseline 0.009 -26"><span class='ocrx_word' id='word_1_293' title='bbox 209 4069 211 4076; x_wconf 93' lang='lat'>.</span> <span class='ocrx_word' id='word_1_294' title='bbox 237 4023 367 4088; x_wconf 85' lang='lat' dir='ltr'>continet,</span> <span class='ocrx_word' id='word_1_295' title='bbox 392 4027 541 4096; x_wconf 85' lang='lat' dir='ltr'>exemplum</span> <span class='ocrx_word' id='word_1_296' title='bbox 567 4042 583 4079; x_wconf 89' lang='lat' dir='ltr'>a</span> <span class='ocrx_word' id='word_1_297' title='bbox 609 4027 712 4095; x_wconf 87' lang='lat' dir='ltr'>reliquo</span> <span class='ocrx_word' id='word_1_298' title='bbox 733 4043 839 4097; x_wconf 87' lang='lat' dir='ltr'>corpore</span> <span class='ocrx_word' id='word_1_299' title='bbox 861 4027 1010 4082; x_wconf 89' lang='lat' dir='ltr'>seiunctum</span> <span class='ocrx_word' id='word_1_300' title='bbox 1030 4029 1059 4082; x_wconf 92' lang='lat' dir='ltr'>in</span> <span class='ocrx_word' id='word_1_301' title='bbox 1079 4030 1245 4086; x_wconf 88' lang='lat' dir='ltr'>bibliotheca</span> <span class='ocrx_word' id='word_1_302' title='bbox 1265 4049 1369 4102; x_wconf 85' lang='lat' dir='ltr'>quoque</span> 
     </span>
     <span class='ocr_line' id='line_1_35' title="bbox 238 4104 560 4167; baseline 0.028 -9"><span class='ocrx_word' id='word_1_303' title='bbox 238 4104 391 4162; x_wconf 87' lang='lat' dir='ltr'>Monacensi</span> <span class='ocrx_word' id='word_1_304' title='bbox 402 4111 560 4167; x_wconf 87' lang='lat' dir='ltr'>inuenimus.</span> 
     </span>
    </p>
   </div>
   <div class='ocr_carea' id='block_1_5' title="bbox 0 0 1530 4984">
    <p class='ocr_par' dir='ltr' id='par_1_6' title="bbox 0 0 1530 4984">
     <span class='ocr_line' id='line_1_36' title="bbox 0 0 1530 4984; baseline 0 5"><span class='ocrx_word' id='word_1_305' title='bbox 0 0 1530 4984; x_wconf 95' lang='lat' dir='ltr'> </span> 
     </span>
    </p>
   </div>
  </div>
 </body>
</html>
