3050 4984
3 60 20 345 ι

609 375 681 446 cap.
701 376 746 433 28·
1156 380 1218 444 125

91 533 273 598 timuerit
278 537 309 596 is
332 521 418 611 ιιι,
447 535 537 598 etut
562 533 755 599 sacerdotum
782 551 888 598 eorum
913 533 1062 598 misemm
1087 533 1218 599 dedecus

92 637 261 713 monstret,
231 634 384 700 taddit:
419 627 468 699 ‘in
490 635 665 701 domibus
687 652 815 701 eorum
840 636 1061 701 sacerdotes
1084 636 1218 702 sedent

91 737 282 802 habentes
304 738 456 803 tunicas
479 738 619 803 scissas
648 741 684 804 ιι
712 739 843 822 capita
863 741 901 804 ιι
923 739 1061 805 barbas
1088 757 1217 816 rasas,

59 887 64 899 .
92 858 252 924 qnorum
274 842 400 923 capita
421 842 521 907 nuda
542 844 646 908 sunt:
669 842 834 927 rugiunt
855 845 983 909 autern
1005 843 1218 907 clamantes

61 965 70 1003 ι
92 945 227 1009 contra
242 944 329 1009 deos
344 962 431 1010 suos
446 946 552 1011 sicut
573 946 610 1010 in
634 945 805 1031 gehenna
826 934 992 1011 mortui.³
1015 946 1097 1028 qued
1111 948 1246 1010 autem5

2 1010 4 1087 l
92 1050 124 1113 et
138 1066 227 1131 reges
243 1048 274 1113 ιι
287 1048 395 1131 gentes
409 1048 485 1114 haec
499 1048 560 1114 de
551 1048 626 1131 1psis
640 1049 871 1215 pronuntiaturi
885 1050 976 1128 sunt,
999 1049 1027 1113 is
1047 1049 1131 1114 idem
1145 1065 1217 1131 pro-

91 1151 660 1243 phetapraesagauocesignificatai
661 1152 787 1217 tenim-
801 1144 1218 1236 scieturposteaquia

91 1253 197 1319 salsa
218 1256 307 1319 sunt
328 1254 510 1338 gentibus
532 1253 732 1321 uniuersis
761 1257 798 1321 ιι
825 1255 998 1339 regibus,
1032 1254 1123 1337 quia
1143 1272 1217 1317 ma-

91 1356 281 1423 nifestum
306 1359 366 1423 est
388 1358 477 1441 quia
498 1358 959 1424 nonsuntdiietnullum
975 1358 1217 1441 deiopusest

1 1536 2 1539 Ἴ
60 1464 134 1527 rein
156 1461 269 1544 ipsis:
292 1480 419 1545 regem
440 1462 593 1547 regioni
614 1480 685 1526 non
707 1462 958 1527 suscitabunt
981 1480 1105 1543 neque
1131 1460 1217 1543 plu-

91 1566 195 1631 uiam
217 1564 442 1629 hominibus
464 1564 624 1641 dabunt3
655 1565 851 1630 iudicium
873 1582 1025 1647 quoque
1046 1582 1118 1629 non
1140 1563 1217 1626 dis-

92 1668 250 1733 cernent
270 1685 391 1749 neque
412 1667 609 1752 regionem
631 1667 860 1733 liberabunt
881 1668 924 1732 ab
947 1665 1106 1747 iniuria,
1129 1665 1219 1748 quia

90 1770 199 1836 nihil
220 1772 400 1853 possunt:
423 1772 462 1835 et
484 1788 565 1835 cunr
586 1770 780 1836 inciderit
800 1771 838 1836 in
853 1770 961 1836 domo
976 1769 1218 1852 deorumlig-

90 1892 250 1941 neorum
280 1875 316 1937 ιι
347 1875 616 1940 inauratorum
648 1876 685 1939 ιι
721 1875 1062 1959 inargentatorum
1094 1874 1216 1957 ignis,

60 1977 319 2044 resacerdotes
341 1977 504 2042 illorum
525 1976 814 2056 liberabuntur,
851 1977 931 2060 ipsi
953 1979 1083 2043 autem
1110 1978 1220 2043 sicut

91 2081 224 2147 trabes
246 2081 283 2145 in
306 2080 431 2145 medio
453 2080 741 2159 comburentur,
779 2080 863 2163 regi
896 2080 1023 2145 autem
1050 2082 1088 2144 et
1114 2080 1219 2146 bello

90 2204 164 2250 non
187 2183 387 2251 resistent.
423 2182 605 2265 quomodo
628 2183 932 2249 existimandum
960 2184 1019 2247 ιιι
1041 2182 1102 2247 uel
1122 2183 1218 2247 reci-

90 2288 275 2370 piendum
295 2286 389 2368 quia
411 2287 500 2351 sunt
521 2286 600 2351 dii?
622 2305 744 2369 neque
766 2306 785 2351 a
806 2285 960 2351 furibus
981 2304 1101 2367 neque
1123 2304 1142 2350 a
1162 2286 1217 2349 la-

91 2390 271 2455 tronibus
293 2408 332 2454 se
354 2389 580 2454 liberabunt
602 2389 657 2454 dii
680 2389 805 2474 lignei
827 2391 864 2454 et
897 2390 1027 2454 aurati
1055 2390 1092 2454 et
1117 2389 1218 2453 inar-

60 2492 266 2578 agenardi,
289 2491 433 2574 quibus
455 2491 495 2556 hi
518 2493 582 2574 qui
603 2492 727 2558 fortes
756 2493 844 2558 sunt
874 2512 1006 2557 aurum
1029 2494 1065 2558 et
1087 2511 1218 2575 argen-

92 2597 175 2660 tum
197 2614 267 2677 quo
290 2595 421 2677 operti
444 2595 533 2660 sunt
554 2594 736 2661 auferunt
757 2587 867 2661 illis’
899 2597 1030 2675 Tollite,
1053 2596 1154 2660 tollite
1169 2613 1249 2666 ιιι

92 2699 171 2777 curi,
194 2690 397 2763 sacratissimi
412 2697 621 2779 imperatores,
644 2700 823 2764 ornamenta
836 2699 1039 2781 templorum:
1055 2699 1126 2763 deos
1140 2698 1218 2763 istos

93 2803 150 2867 aut
165 2803 306 2867 monetae
319 2801 404 2886 ignis
421 2802 475 2866 aut
489 2802 688 2867 metallorum
703 2805 815 2884 eoquat
829 2802 969 2880 flamma,
1003 2801 1129 2867 donaria
1148 2801 1218 2866 uni·

91 2923 184 2970 uersa
198 2904 238 2969 ad
253 2903 424 2969 utilitatem
435 2906 572 2969 uestram
584 2905 815 2988 dominiumque
826 2904 999 2971 transferte.
1022 2904 1221 2988 postexcidia

59 3008 283 3091 artemplomm
297 3008 330 3071 in
353 3007 454 3072 maius
475 3006 535 3072 Dei
560 3008 635 3072 estis
662 3008 779 3073 uirtute
794 3009 946 3092 prouecti:
968 3008 1089 3073 uicistis
1103 3008 1217 3087 hostes,

90 3110 289 3195 propagastis
303 3109 470 3193 imperium
484 3111 530 3188 ιι,
546 3111 582 3175 ιιι
596 3110 767 3175 uirtutibus
781 3112 894 3177 uestris
908 3112 1008 3196 gloria
1021 3111 1118 3175 maior
1132 3128 1218 3176 acce-

91 3213 196 3292 deret,
219 3214 340 3278 mutato
356 3234 391 3279 ac
406 3214 580 3294 contempto
597 3214 773 3295 temporum
793 3214 897 3278 ordine
923 3214 1039 3291 hieme,
1063 3214 1143 3296 quod
1163 3232 1220 3278 nec

91 3316 213 3382 facturn
229 3319 277 3381 est
291 3316 454 3399 aliquando
474 3316 478 3397 Ι
497 3334 552 3381 nec
566 3315 629 3393 fiet,
645 3316 799 3382 tumentes
814 3334 849 3381 ιι
864 3317 1034 3381 saeuientes
1045 3315 1144 3381 undas
1155 3316 1219 3381 cal·
1228 3337 1274 3379 ιι.
1283 3337 1330 3382 aa.

92 3420 190 3485 castis
205 3417 334 3484 Oceani:
358 3419 415 3483 sub
430 3420 523 3484 remis
538 3418 651 3484 uestris
666 3418 817 3503 incogniti
831 3419 896 3484 iam
911 3418 999 3484 nobis
1012 3438 1109 3502 paene
1122 3419 1218 3484 maris

57 3549 82 3589 ao
91 3523 178 3587 unda
192 3522 376 3587 contremuit
397 3523 429 3587 et
447 3522 636 3603 insperatam
651 3521 844 3604 imperatoris
858 3520 970 3587 faciem
984 3521 1150 3588 Britannus
1164 3541 1218 3587 ιι-

91 3625 191 3707 pauit.
216 3625 290 3706 quid
304 3625 438 3708 amplius
453 3624 572 3691 uultis?
586 3624 757 3690 uirtutibus
773 3625 884 3689 uestris
896 3625 980 3691 uicta
991 3624 1142 3690 elementa
1153 3644 1218 3691 oes-

92 3728 209 3793 seumt.
233 3728 315 3809 quod
328 3729 433 3793 autem
447 3729 530 3793 Deus
545 3728 652 3793 iubeat
665 3728 749 3793 idola
763 3747 825 3794 non
839 3727 906 3793 fieri
921 3728 1129 3793 sacrosanctae
1139 3728 1247 3812 legis?

197 3913 216 3970 2
234 3929 274 3982 ep.
286 3914 361 3968 Hier.
374 3914 414 3971 30
425 3930 463 3983 sq.
517 3914 534 3969 7
553 3914 589 3968 ib.
603 3914 723 3974 50-57.

146 4084 329 4154 espossiae
382 4084 420 4143 10
436 4084 597 4154 plubiamP
649 4085 685 4143 19
699 4086 818 4140 inaurati
830 4087 947 4141 ιιιαιιιιι
958 4086 1041 4144 Bure.
1095 4086 1132 4143 21
1145 4086 1218 4139 anie·

92 4173 186 4225 rento
236 4170 273 4229 28
291 4171 415 4226 calcastis
438 4171 536 4228 Oceani
557 4172 605 4225 sub
626 4172 707 4227 remis
719 4172 831 4225 uestris:
849 4172 980 4242 incogniti
1000 4172 1099 4242 octpo;
1117 4173 1220 4227 rectius

94 4258 181 4313 uerbo
192 4257 322 4312 distineat
335 4257 489 4324 &deffectio
501 4259 533 4313 irc
544 4258 624 4312 Metro.
642 4257 751 4313 Obeerc.
766 4258 822 4327 IX,
835 4261 889 4313 168
953 4257 993 4315 30
1009 4257 1145 4312 brittanna
1157 4258 1185 4313 P

95 4344 132 4400 31
150 4343 235 4398 uultis
247 4344 362 4413 amplius
375 4360 393 4397 a
