3050 4984
288 369 349 433 114
687 366 831 419 Firmici
848 365 995 419 Materni

285 522 356 586 bere
371 522 540 604 persuadet.
565 540 582 586 o
597 540 690 604 quam
705 521 836 600 miseris,
853 541 946 604 quam
960 521 1109 586 luctuosis
1124 541 1156 586 se
1170 522 1288 605 laqueis
1307 524 1410 588 inuol-

266 685 270 696 .
287 626 335 690 uit
350 626 463 691 caduca
477 627 648 692 calliditas!
672 626 740 708 quis
756 625 849 690 deum
863 628 955 691 tuum
969 626 1104 691 liberat?
1119 627 1169 691 cui
1183 628 1240 691 hoo
1254 627 1411 710 praestitit

193 737 195 743 '
287 729 367 811 quod
381 730 524 795 laborat?
546 730 644 808 disco,
667 730 750 794 disce
766 729 847 811 quod
871 730 987 808 nescis,
1010 730 1094 795 disce
1115 730 1196 811 quod
1220 748 1281 794 nou
1306 731 1409 809 uides:

257 830 425 897 1011111111
440 832 523 897 filius
537 832 597 896 Dei
611 833 647 896 ut
661 833 833 897 humanum
848 850 944 917 genus
959 852 977 897 a
990 833 1101 897 mortis
1122 834 1240 915 laqueis
1254 834 1410 913 liberaret,

285 954 356 1001 uero
382 934 485 1000 omnia
509 935 571 1001 ista
596 935 762 1014 sustinuit,
786 936 821 1000 ut
836 936 1027 1017 captiuitatis
1040 936 1264 1021 durae·iugum
1278 936 1444 1014 tollereta

286 1038 322 1101 ut
335 1038 493 1103 hominem
505 1038 588 1122 patri
600 1038 750 1117 redderet,
768 1040 803 1103 ut
814 1039 962 1123 mitigata
972 1039 1087 1104 offensa
1097 1039 1254 1104 hominem
1269 1058 1340 1103 cum
1346 1039 1410 1103 Deo

285 1158 428 1223 prospera
454 1141 666 1206 conciliatione
690 1142 899 1223 componeret,
922 1142 959 1206 ut
985 1142 1154 1225 promissae
1181 1140 1411 1207 resurrectionis

285 1244 420 1308 fructum
429 1245 552 1327 proprio
562 1246 748 1310 monstraret
759 1244 906 1326 exemplo.
921 1245 996 1310 fecit
1006 1245 1090 1309 filius
1096 1245 1154 1309 Dei
1165 1246 1246 1326 quod
1258 1246 1329 1309 ante
1339 1262 1410 1326 pro·

286 1348 431 1412 miserat:
447 1348 540 1412 clusit
560 1348 668 1413 ianuas
689 1347 770 1412 sedis
786 1346 921 1413 infernae
942 1348 973 1413 11
994 1348 1088 1413 durae
1102 1348 1182 1430 logis
1196 1348 1411 1413 nenessitatem

286 1451 402 1515 calcata
426 1451 525 1516 morte
544 1451 727 1534 prostrauit:
751 1451 960 1533 pertriduum
980 1451 1130 1515 recensita
1144 1451 1183 1515 ab
1207 1468 1242 1515 eo
1256 1439 1411 1514 iustorum
1420 1474 1445 1513 ro

285 1554 377 1617 turba
390 1550 518 1618 collecta
529 1542 586 1632 est,
601 1573 639 1619 ne
654 1553 772 1618 diutius
783 1554 889 1618 contra
901 1571 952 1618 eos
963 1553 1073 1618 mortis
1085 1553 1295 1617 dominaretur
1306 1553 1410 1635 inpro-

285 1656 381 1721 bitas:
404 1676 442 1722 ue
467 1656 620 1721 iustorum
647 1656 796 1721 meritum
823 1676 859 1720 11
885 1656 978 1740 longa
1003 1656 1213 1739 desperatione
1228 1655 1409 1733 concideret,

284 1760 378 1844 fregit
393 1760 528 1824 claustra
542 1760 690 1842 perpetua
705 1760 736 1824 et
750 1758 866 1824 ferreae
880 1758 961 1826 fores
976 1758 1097 1823 Christo
1111 1759 1237 1824 iubente
1252 1760 1410 1841 conlapsae

285 1864 372 1926 sunt:
389 1881 457 1927 1111
472 1864 555 1927 terra
566 1862 752 1927 contremuit
763 1863 795 1926 11
809 1862 1082 1927 fundamentorum
1097 1880 1224 1926 suorum
1239 1862 1410 1927 stabilitate

285 1983 428 2030 concussa
453 1965 621 2046 praesentis
647 1964 761 2030 Christi
787 1985 902 2030 numen
927 1967 1069 2049 agnouit:
1090 1966 1094 2048 Ι
1115 1966 1186 2030 aute
1211 1965 1410 2047 praefinitum
1419 1991 1446 2028 15

283 2070 406 2151 tempus
432 2068 614 2151 praecipitat
638 2068 721 2133 diem
746 2068 855 2133 mundi
879 2068 981 2133 rotata
1007 2068 1128 2153 uertigo
1143 2071 1175 2133 11
1190 2068 1236 2134 111
1250 2052 1310 2134 non
1325 2088 1410 2134 com·

283 2171 366 2253 plote
378 2170 558 2237 diurnarum
568 2172 713 2236 horarum
724 2171 823 2253 spatio
835 2172 994 2254 properato
1006 2190 1097 2236 cursu
1107 2172 1211 2255 uergit
1225 2172 1257 2236 in
1272 2172 1409 2236 noctem:

167 2286 170 2295 ’
284 2294 351 2340 1111
366 2275 429 2339 ueli
444 2274 572 2359 fastigia
587 2293 709 2340 summa
723 2273 883 2339 finduntur
904 2275 936 2339 11
950 2274 1176 2339 obscurioribus
1199 2275 1334 2340 tenebris
1360 2295 1410 2340 or-

283 2380 354 2443 bom
368 2379 521 2445 terrarum
547 2378 647 2462 caligo
671 2379 770 2443 noctis
796 2378 964 2443 abscondit.
989 2378 1094 2443 omnia
1120 2378 1273 2443 elementa
1287 2376 1410 2443 Christo

283 2483 439 2570 pugnante
454 2483 580 2548 turbata
595 2483 684 2561 sunt,
707 2484 782 2547 tunc
803 2482 921 2546 scilicet
942 2500 1012 2545 cum
1028 2482 1165 2564 primum
1180 2483 1285 2546 contra
1299 2482 1410 2547 mortis
1420 2504 1447 2544 ao

284 2585 479 2668 tyrannidem
493 2586 663 2650 humanum
678 2603 786 2677 corpus
801 2585 945 2650 armauit.
968 2603 1023 2666 per
1042 2584 1182 2649 triduum
1202 2584 1265 2649 ista
1286 2584 1410 2650 conflic-

283 2689 400 2753 tatione
414 2688 586 2772 pugnatum
601 2689 662 2764 est,
686 2687 834 2770 quamdiu
849 2706 931 2751 mors
947 2687 1097 2769 superatis
1112 2687 1251 2752 malitiae
1266 2708 1338 2753 suae
1359 2688 1409 2753 ui-

256 2790 369 2855 3ribus
385 2791 585 2875 frangeretur.
610 2790 684 2872 quid
699 2790 791 2855 solita
804 2790 1015 2872 impatientia,
1038 2790 1129 2854 homo
1144 2790 1301 2874 religiose,
1317 2792 1409 2856 homo

285 2892 417 2971 Christi,
440 2893 582 2975 desperas
607 2895 639 2957 11
664 2892 789 2957 deiicis?
804 2892 901 2956 tridui
920 2910 1040 2957 moram
1059 2912 1120 2957 non
1136 2892 1233 2957 foris?
1256 2894 1409 2958 sollicitu-

284 2995 387 3059 diuem
411 3014 446 3059 ac
470 2995 715 3078 desperationem
735 2997 824 3060 tuam
849 2994 937 3060 nouis
951 2995 1093 3077 precibus
1108 2992 1283 3060 confiteris?
1305 2997 1363 3061 hoc
1377 2998 1444 3061 tear

282 3098 438 3163 facturum
454 3116 518 3163 esse
532 3098 587 3162 illo
602 3098 652 3163 dio
667 3099 795 3181 spiritus
815 3099 938 3163 sanctus
960 3098 1131 3164 ueneranda
1155 3117 1228 3164 uocc
1243 3099 1408 3183 significat,

222 3254 225 3257 .
283 3222 355 3267 cum
368 3220 423 3283 per
436 3201 540 3266 Dauid
555 3201 646 3266 dicit:
675 3195 891 3267 ‘aestimati
921 3218 1052 3265 sumus
1074 3201 1178 3265 sicut
1199 3219 1289 3265 oues
1312 3202 1409 3267 occi·

283 3304 417 3369 sionis.
442 3322 622 3388 exsurge:
646 3322 769 3386 quare
790 3303 1001 3381 obdormis,
1025 3302 1205 3368 domine?
1238 3323 1409 3390 exsurge

283 3409 320 3473 et
340 3427 384 3472 ne
406 3407 609 3489 disperdas
632 3426 753 3490 usque
775 3408 819 3471 ad
841 3406 971 3471 finem.
995 3424 1111 3487 quare
1133 3406 1279 3471 faciem
1301 3408 1409 3472 tuam

282 3510 454 3576 auertis?
487 3510 735 3574 obliuiscaris
768 3510 941 3592 inopiam
972 3510 1148 3575 nostram
1177 3511 1216 3574 et
1237 3510 1444 3575 tribula-ao

220 3614 227 3628 '
282 3614 447 3679 tionem?
480 3613 658 3695 quoniam
690 3612 901 3679 humiliata
933 3611 990 3677 ost
1028 3612 1066 3676 in
1093 3612 1254 3693 puluere
1283 3612 1409 3678 anima

282 3718 426 3795 nostra,
460 3716 587 3781 haesit
608 3716 645 3780 in
666 3718 771 3781 terra
793 3717 929 3781 uenter
955 3716 1095 3780 noster.
1134 3733 1310 3800 exsurge,
1345 3716 1408 3780 do·

385 3922 420 3977 27
438 3922 482 3975 Ρ1.
495 3920 542 3986 43,
557 3920 677 3978 23-27.

334 4094 524 4153 {puerosque
594 4094 909 4163 61nitigatboffensaP
985 4096 1121 4155 9clausit
1140 4114 1159 4150 c
1221 4094 1259 4153 10
1276 4094 1408 4149 1111111111

282 4181 428 4236 Μ111111;
447 4182 590 4235 recensita
606 4182 652 4236 Po
716 4180 915 4237 11111111111
933 4182 968 4250 P,
982 4200 1029 4237 em.
1042 4182 1105 4237 ina
1170 4182 1207 4239 13
1225 4182 1334 4235 iuuante
1347 4182 1375 4235 P

285 4268 322 4325 15
339 4282 434 4320 nomen
447 4268 474 4321 P
527 4267 563 4324 17
583 4268 700 4337 spatium
713 4268 741 4322 P
804 4266 843 4323 24
861 4267 926 4321 feris
939 4268 981 4322 P:
1000 4268 1054 4323 fers
1066 4268 1126 4323 edd.
1140 4270 1175 4336 cf.
1190 4268 1266 4337 adp.
1280 4272 1374 4336 107,9

284 4353 322 4408 30
340 4352 480 4407 abertisP
