3050 4984
1183 376 1222 425 IX

89 548 130 611 ut
152 534 358 610 Eleusinios
387 533 557 628 Cererem,
595 533 758 635 Pltrppas
791 534 961 625 Matrem,
1003 530 1223 630 Epidaurios

89 654 370 753 Aesculapium,
399 651 598 729 Chaldaeos
620 652 770 745 Belum,
793 657 963 728 Astarten
984 648 1104 752 Syros,
1126 650 1223 725 Dia·

91 802 179 849 uam
207 774 398 867 Tauricos,
428 770 555 849 Gallos
577 770 815 866 Mercurium,
856 773 1068 847 uniuersa
1090 770 1223 845 Roma·

87 919 171 986 nos,
199 894 262 967 ubi
284 893 568 993 interpretantur
586 895 758 969 uniuersa
778 920 826 967 sc.
845 918 969 983 sacra,
994 890 1223 965 substantiae

88 1041 136 1088 ex
162 1013 284 1087 uerbis
307 1014 376 1088 illis
399 1013 507 1113 longe
530 1013 700 1088 diiunctis
723 1038 904 1088 sacrorum
935 1012 1025 1087 ritus
1055 1013 1221 1111 repetite.

88 1160 175 1209 cum
212 1144 334 1207 tamen
366 1133 571 1207 membrum
595 1134 676 1208 deos
704 1134 815 1208 colere
835 1134 1031 1230 municipes
1053 1134 1222 1232 proxime

88 1254 297 1345 antecedat,
324 1253 446 1353 potius
471 1264 719 1353 exspectares:
755 1254 1002 1328 uniuersorum
1031 1278 1078 1327 so.
1102 1254 1221 1353 genti·

86 1375 177 1448 lium
197 1376 285 1448 deos
302 1374 485 1449 Romanos
509 1377 636 1466 colere,
664 1384 704 1448 ut
721 1385 777 1449 est
798 1401 832 1473 p.
851 1378 909 1465 10,
930 1377 952 1448 3
971 1374 1220 1448 uniuersorum

87 1495 248 1594 pentium
269 1520 377 1569 sacra
398 1495 605 1592 suscipiunt.
641 1494 761 1595 aptius
784 1504 905 1568 tamen
928 1493 1050 1568 uisum
1074 1505 1130 1568 est
1153 1521 1218 1568 nu·

88 1619 188 1689 mina
222 1626 306 1688 ante
342 1614 510 1689 uniuersa
545 1615 711 1715 supplere
747 1616 835 1713 (nisi
857 1615 959 1689 malis
989 1615 1060 1689 hoe
1091 1613 1220 1688 ordine

12 1798 13 1803 ,
89 1735 261 1809 uniuersa
295 1735 463 1826 numina,
502 1734 673 1834 quoniam
709 1736 827 1809 codex
862 1735 1068 1809 uniuersam
1102 1734 1218 1833 prima

90 1881 198 1927 manu
221 1854 367 1953 habet),
393 1856 492 1953 quod
515 1880 593 1929 uoc.
623 1866 775 1955 propter
811 1854 1016 1929 litterarum
1048 1854 1219 1928 similitu·

91 1974 213 2047 dinem
237 1974 403 2048 facillime
426 1976 546 2050 omitti
568 1976 698 2075 potuit.
722 2000 789 2049 nec
810 1977 1001 2049 ferendum
1023 1975 1218 2050 uidebatur

90 2096 187 2192 quod
211 2094 379 2195 deinceps
402 2095 553 2193 legitur:
581 2096 632 2171 sia
655 2120 775 2171 eorum
793 2108 948 2194 potestas
972 2108 1004 2170 et
1026 2096 1220 2171 auctoritas

90 2218 195 2289 totius
219 2215 312 2289 orbis
335 2217 487 2291 ambitus
511 2216 715 2313 occupauit,
741 2218 873 2315 quoin
900 2217 998 2309 loca,
1036 2218 1135 2316 quod
1163 2216 1216 2289 rei

89 2335 221 2408 ueritas
244 2334 433 2427 suadebat,
458 2337 628 2411 ambitum
650 2338 895 2426 correximus,
921 2337 1000 2409 leue
1023 2337 1155 2410 uitium
1177 2336 1215 2409 in

89 2455 166 2528 cod.
191 2465 311 2529 ortum
336 2468 390 2530 est
413 2482 460 2529 ex
483 2456 745 2530 adsimilatione
768 2483 850 2531 cum
873 2456 1126 2531 terminatione
1151 2482 1217 2529 an·

87 2575 330 2649 tecedentium
367 2575 678 2649 substantiuorum
720 2576 920 2651 auctoritas
955 2576 1042 2650 totiu
1051 2603 1069 2670 s
1105 2576 1215 2649 orbis.

136 2695 182 2767 In
221 2695 341 2769 uerbis
374 2722 464 2794 quae
504 2709 650 2771 exstant
682 2702 814 2789 0.‘7‚4
849 2688 910 2782 ‘ut
930 2695 1081 2771 Partlros
1109 2700 1216 2796 sipno

87 2828 301 2911 repetamus,
338 2816 499 2890 dirarum
523 2819 777 2915 inprecationes
805 2813 956 2892 Orassus
984 2830 1015 2891 et
1035 2818 1163 2891 meruit
1186 2829 1219 2891 et

184 2920 214 2950 ,2

87 2934 204 3008 inrisit
239 2934 359 3009 minus
396 2962 461 3010 nos
498 2938 613 3010 mouit
643 2938 837 3011 insolentia
866 2938 1146 3012 constructionis
1175 2937 1212 3010 in

88 3056 229 3131 duobus
253 3057 322 3131 illis
346 3058 560 3133 accusatiuis
584 3060 644 3157 (cf.
665 3058 776 3157 Verg.
799 3060 890 3133 Aen.
915 3058 998 3149 Vll,
1025 3062 1095 3133 606
1123 3055 1215 3131 Par-

88 3178 229 3277 tlosque
245 3202 423 3277 reposcere
439 3180 561 3278 sepau)
581 3207 688 3279 quarn
709 3180 882 3280 temporis
895 3180 1094 3279 praesentis
1113 3206 1214 3269 usus,

86 3297 146 3395 qui
162 3298 370 3397 intellegere
385 3326 458 3373 non
476 3301 668 3399 possimus,
688 3326 760 3398 quo
778 3301 890 3374 modo
905 3300 943 3373 in
958 3300 1021 3373 tali
1037 3298 1216 3398 relatione

86 3420 128 3493 de
143 3446 185 3493 re
200 3429 364 3518 tempore
372 3419 531 3515 Augusti
545 3420 638 3494 facta
646 3420 826 3494 Minucius
841 3432 1039 3517 repetamus
1054 3420 1214 3493 seribere

85 3537 254 3637 potuerit.
271 3564 381 3637 quare
400 3540 669 3613 emendauimus
683 3552 922 3637 repeteremus,
943 3522 985 3613 ut
1001 3550 1056 3613 est
1073 3540 1109 3612 in
1120 3522 1211 3611 'eon-

85 3660 194 3732 traria
218 3659 410 3733 sententia:
448 3671 488 3733 ut
514 3657 750 3758 Traspmenus
771 3659 1016 3734 Romanorum
1036 3659 1215 3756 sanquine

86 3791 114 3851 et
129 3778 249 3852 maior
267 3790 353 3852 essct
371 3791 401 3852 et
420 3777 573 3870 decolor,
596 3779 731 3877 spreuit
745 3780 904 3878 ampuria
915 3776 1127 3853 Flaminius.
1150 3804 1213 3879 pa-

83 3898 172 3973 riter
190 3923 269 3998 cap.
282 3900 341 3990 30,
362 3900 383 3970 3
404 3923 486 3972 cum
495 3897 631 3971 Vrsino
647 3900 862 3997 scripsimus
881 3900 1002 3974 merito
1021 3900 1085 3973 ei..
1106 3924 1129 3971 a
1142 3924 1210 3995 pa·

84 4019 239 4092 rentibus
255 4019 409 4115 infantes
423 4017 708 4109 immolabantur,
729 4018 914 4094 blanditiis
933 4032 963 4094 et
982 4018 1099 4094 osculo
1117 4043 1212 4093 com-

79 4138 252 4233 primente
278 4138 459 4235 uapitum,
495 4163 538 4212 ne
559 4138 695 4234 flebilis
728 4140 843 4213 loostia
874 4139 1210 4213 immolaretur:

86 4283 155 4355 quo
179 4257 328 4357 quidem
352 4258 390 4331 in
412 4257 492 4332 loco
510 4257 708 4332 Minucium
728 4259 834 4333 unius
854 4259 992 4332 litterae
1009 4258 1212 4333 adiectione
