3050 4984
266 495 318 541 XII

268 629 520 704 uetustissimis
544 627 735 726 exemplis,
774 637 814 698 ut
843 625 918 725 ipse
948 625 1073 699 testari
1102 652 1249 725 possum
1272 624 1394 699 tribus

265 776 356 848 quae
379 751 540 850 possidet
563 747 779 821 bibliotheca
801 745 1025 820 Monacensis
1048 745 1231 845 inspectis.
1264 746 1302 818 in
1335 747 1392 818 ed.

266 868 432 943 Vallarsii
454 869 586 966 legitur
608 868 703 941 inter
721 867 855 966 scripta
872 865 1096 965 Hieronymo
1114 865 1302 965 supposita
1321 865 1392 938 uol.

266 989 320 1063 XI
342 1017 376 1088 p.
401 993 468 1062 127
492 1015 570 1086 sqq.
595 988 748 1086 denique
771 1014 853 1086 pars
876 986 1037 1060 eiusdem
1060 986 1229 1086 epistolae
1252 985 1394 1059 inueni·

266 1121 327 1183 tur
361 1110 399 1181 in
434 1109 522 1183 actis
557 1107 702 1182 concilii
737 1107 1059 1206 Aquisgranensis‚
1108 1133 1199 1206 quae
1229 1107 1393 1180 recensio

265 1230 432 1329 proxime
455 1230 499 1301 ad
521 1229 678 1329 optimos
701 1228 831 1318 libros,
859 1227 990 1326 quibus
1010 1227 1048 1301 L.
1071 1226 1281 1301 Holstenius
1306 1253 1393 1301 usus

265 1362 336 1441 est,
378 1349 523 1423 accedit.
556 1349 660 1422 nobis
692 1348 728 1421 in
758 1337 908 1448 epistola
942 1349 1160 1421 recensenda
1190 1349 1235 1420 ad
1265 1374 1393 1421 manus

264 1481 367 1544 erant
397 1470 566 1544 lectiones
597 1469 730 1542 codicis
753 1468 927 1559 Romani,
964 1468 1071 1542 unius
1104 1495 1152 1541 ex
1183 1467 1227 1541 iis
1260 1469 1393 1566 quibus

265 1589 475 1664 Holstenius
495 1617 580 1663 usus
598 1601 672 1681 est,
697 1590 740 1661 ab
768 1590 877 1688 Aug.
901 1588 1297 1663 Reifferscheidio
1329 1615 1394 1662 ex-

264 1711 435 1808 scriptae,
460 1710 593 1783 codicis
617 1709 941 1807 Cantabrigiensis,=
970 1735 1057 1807 quas
1081 1720 1117 1782 et
1140 1708 1235 1808 ipsas
1258 1708 1393 1806 insigni

265 1831 375 1925 Angli
396 1831 526 1903 Munro
542 1830 811 1904 beneuolentiae
825 1829 956 1920 debeo,
979 1829 1113 1902 codicis
1133 1829 1287 1928 denique
1301 1827 1393 1902 Vin·

264 1950 483 2024 dobonensis
506 1949 676 2049 Theolog.
697 1977 796 2023 num.
814 1955 887 2024 664
905 1952 955 2048 (u.
972 1948 1083 2023 Oodd.
1103 1975 1186 2022 mss.
1208 1949 1316 2023 theol.
1337 1949 1391 2023 ed.

264 2068 376 2145 Denis
398 2069 426 2161 Ι,
454 2076 486 2162 1,
509 2099 542 2170 p.
564 2075 634 2145 891
661 2083 696 2145 et
718 2069 873 2144 Tabulae
895 2072 997 2144 codd.
1012 2069 1170 2144 Vindob.
1192 2069 1391 2169 1‚p.143),

263 2217 354 2290 quas
387 2190 736 2266 Kuerschnerus
785 2191 918 2266 sodalis
966 2191 1146 2264 seminarii
1184 2188 1393 2289 philologici

262 2307 557 2388 Vindobonensis
573 2312 610 2385 in
626 2339 746 2386 meum
762 2339 866 2386 usum
886 2312 1090 2410 exscripsit.
1120 2313 1255 2384 horum
1274 2311 1390 2385 subsi-

263 2433 408 2507 diorum
444 2460 512 2533 ope
547 2434 683 2531 aliquot
719 2432 845 2506 saltem
879 2433 969 2506 locis
1006 2434 1179 2532 optimam
1209 2431 1390 2506 Holstenii

263 2554 510 2627 recensionem
532 2555 722 2627 emendare
744 2552 939 2651 potuimus.

318 2793 485 2893 Reliquas
508 2793 667 2892 quinque
691 2793 860 2892 epistolas
883 2793 1029 2867 Lucas
1054 2793 1293 2893 D'Achery
1316 2794 1389 2893 pri-

253 2935 367 2986 ·mum
390 2916 425 2986 in
451 2913 642 3013 Spicilegio
667 2912 718 3005 V,
750 2942 784 3013 p.
809 2916 883 2987 532
907 2941 983 3011 sqq.
1008 2940 1055 2987 ex
1077 2914 1200 2987 codice
1224 2914 1387 2987 Romano

264 3034 303 3106 in
326 3034 441 3108 lucem
464 3033 630 3134 protulit,
655 3060 764 3132 quem
782 3035 901 3133 ipsum
923 3036 1169 3132 Augustus
1192 3035 1388 3108 Reiffer-

264 3153 429 3227 scheid
460 3154 496 3227 in
522 3153 736 3227 bibliotheca
759 3153 933 3228 Vaticana
956 3154 1050 3227 inter
1072 3154 1183 3228 libros
1206 3155 1387 3228 Palatinos

265 3301 299 3346 n.
324 3277 395 3347 829
432 3274 569 3348 iterum
608 3274 747 3348 inuenit
779 3285 909 3372 etqua
940 3286 995 3348 est
1018 3275 1054 3347 in
1079 3300 1135 3347 me
1158 3275 1386 3348 officiositate
1489 3312 1500 3337 ε

264 3393 434 3468 lectiones
458 3395 699 3494 discrepantes
719 3419 859 3469 mecum
879 3395 1170 3469 communicauit.
1194 3421 1241 3469 ex
1260 3396 1386 3468 eodem

264 3514 387 3589 codice
422 3515 621 3614 descriptae
654 3529 837 3613 praeterea
867 3526 1012 3588 exstant
1044 3515 1082 3587 in
1114 3516 1192 3589 cod.
1225 3513 1387 3588 Palatino

265 3663 299 3709 n.
324 3639 407 3710 828.

318 3875 409 3951 (lum
431 3874 520 3948 mihi
543 3875 688 3974 quidem
717 3877 948 3951 manifestum
980 3860 1144 3952 uideatur
1171 3879 1306 3952 nullam
1327 3878 1388 3951 ha·

263 4022 347 4070 rum
370 4008 507 4096 septem
531 3995 787 4095 epistolarum,
807 3998 939 4098 quippe
958 4025 1110 4096 quarum
1130 4025 1248 4072 sermo
1268 4026 1287 4071 a
1306 3999 1387 4071 stilo

264 4116 505 4212 genuinorum
530 4116 676 4216 Sulpicii
707 4116 884 4191 librorum
919 4145 1069 4218 prorsus
1098 4118 1306 4210 abhorreat,
1344 4119 1388 4191 ad

263 4260 348 4308 eum
381 4248 561 4311 auctorem
592 4238 718 4310 referri
739 4263 865 4337 posse,
906 4239 968 4311 diu
998 4239 1225 4337 multumque
1247 4264 1388 4313 mecum

265 4355 434 4454 reputaui
455 4383 543 4430 num
565 4356 603 4430 in
626 4384 757 4432 nouam
785 4357 981 4432 editionem
1011 4359 1237 4459 recipiendae
1255 4370 1384 4436 essent.
