3050 4984
516 367 630 423 (ihren.
648 367 670 432 I,
689 367 810 425 21-23.
1177 369 1220 434 25

74 521 239 586 obsidioni
255 520 356 588 facile.
372 521 426 586 sed
437 522 598 588 IesusDeo
613 523 719 603 fretus,
733 543 794 591 uon
807 524 901 589 ermis
912 525 967 588 aut
977 523 1097 588 uiribus
1111 524 1221 587 urbem

75 642 266 708 eggressus,
289 623 362 688 ferri
382 643 485 690 aream
499 625 557 690 Dei
572 627 652 692 eires
665 645 770 692 meros
783 627 870 692 iubet
883 626 1112 708 sacerdotesque
1131 641 1218 707 prae-

77 728 121 790 ire
143 746 257 792 ercam
276 727 310 792 et
328 727 405 792 tube
424 746 537 794 uenere.
559 729 612 794 sed
632 749 703 794 eum
717 748 786 794 eree
800 730 911 812 septies
931 729 1115 794 circumacta
1128 728 1218 806 esset,

78 829 164 894 muri
187 847 226 894 ac
248 831 349 894 tunes
369 829 578 909 conciderunt,
601 832 755 914 direptmn
774 833 922 914 oppidum
941 833 1032 913 atque
1052 832 1218 896 incensum.

57 933 150 996 stum
167 932 263 996 Iesus
272 933 374 996 Deum
388 932 522 998 traditur
535 985 541 997 .
556 985 562 998 .
578 983 584 998 .
598 934 668 1000 inde
683 935 828 1001 aduersum
839 933 922 1000 Geth
935 934 1046 999 ductus
1059 933 1249 1011 exercitent

79 1034 258 1116 locatisque
278 1053 299 1098 e
319 1035 406 1118 tergo
428 1035 513 1100 urbia
535 1035 670 1115 insidiis,
693 1038 780 1102 Iesus
800 1039 920 1102 metum
945 1036 1110 1113 simulans,
1132 1037 1220 1119 terge

80 1137 165 1200 boeti
181 1136 288 1202 dedit.¹
304 1153 363 1218 que
378 1137 445 1204 uiso
467 1138 520 1220 qui
534 1138 567 1204 iu
581 1139 692 1221 oppido
707 1141 793 1206 erent
806 1139 982 1222 patentibus
997 1139 1093 1220 portis
1108 1139 1216 1204 ceden-

81 1239 168 1304 tibus
183 1239 313 1304 instare.
328 1239 375 1306 ita
387 1239 430 1318 bi,
446 1240 500 1321 qui
513 1240 546 1306 in
559 1241 682 1308 insidiis
695 1241 827 1320 fuerant,
842 1260 972 1308 uacuam
986 1241 1092 1308 urbem
1105 1259 1219 1323 cepere,

84 1341 227 1424 caesique
250 1359 354 1406 omues
375 1342 490 1425 ebsque
503 1343 597 1408 ullius
612 1344 741 1428 effugio:
763 1364 816 1409 rex
829 1346 937 1426 eaptus
950 1362 1130 1426 summoque
1145 1363 1219 1426 sup·

55 1445 176 1526 apricio
191 1444 334 1510 effectus.

124 1545 219 1626 Quod
250 1547 305 1612 ubi
333 1547 505 1614 uicinarum
531 1549 672 1632 gentium
705 1549 830 1634 regibus
863 1550 1052 1631 compertum
1079 1550 1140 1625 est,
1187 1548 1271 1624 ines

87 1651 205 1716 bellum
227 1649 404 1732 conspirent
422 1651 576 1716 Hebraeos
596 1652 691 1716 ermis
710 1653 868 1734 depellere.
895 1671 1004 1717 uerum
1023 1650 1219 1729 Gabaonitae,

88 1773 158 1837 gens
174 1753 286 1818 ualida
300 1771 336 1817 ex
350 1754 425 1818 urbe
439 1754 595 1836 opulenta,
617 1755 699 1820 ultre
714 1774 746 1820 se
760 1756 909 1822 Hebraeis
922 1755 1117 1833 dediderunt,
1138 1755 1222 1820 iussa

88 1856 224 1921 facturos
245 1856 440 1937 pollicentes,
459 1857 631 1940 receptique
645 1857 801 1926 infidam:
821 1860 858 1923 ut
877 1859 963 1942 ligna
977 1860 1010 1923 et
1022 1877 1134 1940 aquam
1148 1875 1220 1926 oon·

61 1959 238 2025 eueherent
257 1959 454 2040 imperatum.
476 1960 529 2024 sed
543 1960 667 2044 regibus
681 1961 888 2044 proximarum
902 1959 1156 2026 urbiumdeditio
1169 1971 1250 2027 eost

89 2082 157 2126 rum
176 2062 243 2128 ires
264 2061 445 2126 conciuerat.
468 2061 574 2144 itaque
592 2063 725 2128 admotis
748 2063 843 2145 eopiis
864 2064 1011 2146 oppidum
1033 2082 1138 2129 eonem
1156 2061 1221 2128 Ga·

7 2167 9 2260 t
89 2164 180 2228 beeth
194 2163 326 2229 nomine
339 2163 495 2230 obsidione
509 2165 748 2232 ebeumsistuut.
764 2166 862 2249 igitur
876 2165 1029 2248 oppidani,
1039 2166 1117 2230 ertia
1130 2165 1220 2230 rebus

7 2295 10 2380 3
89 2268 165 2346 suis,
186 2265 318 2332 nuntios
334 2266 373 2330 ed
388 2267 491 2332 Iesum
505 2267 650 2346 mittunt,
672 2268 802 2332 obsessis
822 2268 870 2332 uti
892 2269 1086 2332 succurreret.
1108 2268 1153 2333 ite
1166 2267 1249 2334 mae

90 2369 246 2436 nemaeo
268 2368 388 2438 itinere,
397 2369 625 2450 inopinantibus
640 2371 815 2452 superuenit
828 2388 974 2451 caesaque
987 2370 1026 2434 ed
1040 2368 1221 2435 internecio·

61 2489 156 2538 anem
163 2471 271 2538 multa
282 2471 420 2538 beatium
430 2471 528 2540 milia.
536 2473 676 2538 eumdiea
684 2473 841 2538 eaedenms
851 2471 993 2536 dmeeret
1000 2488 1118 2552 neuque
1128 2469 1221 2535 uictis

89 2574 192 2638 future
208 2573 363 2656 praesidio
378 2573 541 2652 uideretur,
553 2575 663 2641 merito
674 2575 745 2641 fidei
754 2576 818 2642 dur
828 2575 986 2640 Hebraeus
998 2574 1119 2639 nectem
1133 2591 1221 2638 euer-

89 2678 136 2755 tit,
152 2678 222 2742 dies
237 2676 460 2758 perseuerauit:
481 2677 527 2742 ita
538 2677 662 2743 ¹nullum
676 2678 817 2744 hostibus
830 2677 982 2762 effugium
996 2676 1066 2741 fuit.
1088 2676 1222 2758 quinque
1234 2712 1258 2747 2:

89 2799 173 2864 reges
196 2779 284 2861 cepti
306 2778 459 2844 interfecti
481 2779 561 2846 eunt.
585 2780 691 2844 eedem
713 2781 832 2862 impetu
852 2781 971 2848 uicinae
992 2798 1111 2862 quoque
1131 2779 1221 2846 urbes

90 2883 218 2965 imperio
230 2881 369 2948 adiectae
377 2893 523 2965 regesque
534 2893 642 2948 earum
651 2884 810 2965 perempti.
826 2902 935 2951 uerum
945 2883 1018 2964 quie
1032 2882 1135 2948 omnia
1148 2882 1252 2948 hedos

61 2985 120 3051 uin
133 2985 278 3052 ordinem
292 2984 432 3066 persequi
440 3003 508 3050 non
526 2983 590 3051 fuit
602 2985 779 3063 considium,
796 2987 879 3052 dum
890 2985 1038 3050 breuiteti
1052 2985 1221 3066 studemus,

91 3291 107 3345 J
181 3204 332 3347 2lJoeii.
368 3204 457 3263 5Jos
472 3204 497 3261 8.
537 3204 691 3263 ilioni).
738 3205 914 3262 neroum.
957 3202 1132 3261 eston-11.
1181 3199 1244 3260 24.

106 3293 208 3348 osl.

140 3477 268 3534 lfeeiiis
287 3477 329 3531 Pb
350 3477 361 3544 Η
382 3476 527 3532 Dominob
590 3477 786 3534 3circumacta
806 3478 847 3534 P:
877 3476 1061 3532 circumlatae
1132 3476 1221 3532 seur-

92 3579 130 3616 res
149 3564 209 3618 Pb:
227 3562 312 3616 turris
334 3562 393 3616 edd.
415 3563 517 3617 multae
536 3563 635 3617 uttiese
672 3563 675 3570 ⁴
698 3563 716 3621 5
734 3562 877 3616 Dominum
897 3562 914 3616 b
932 3563 945 3630 ΙΙ
963 3561 1093 3631 traditur]
1113 3561 1222 3629 supplet

97 3649 255 3703 Galesiniue
267 3663 301 3702 ee
312 3647 415 3702 Joeuae
426 3665 485 3716 cap.
500 3651 526 3716 6,
539 3651 592 3703 26:
612 3649 680 3702 Tum
696 3648 714 3702 J
714 3664 774 3702 esus
790 3649 933 3702 Dominum
948 3647 1066 3702 traditur
1078 3647 1220 3707 allocutus,

91 3734 123 3787 iis
132 3735 206 3788 male
216 3733 360 3804 precando,
380 3733 426 3802 qui
442 3733 588 3788 Hieriohen
605 3733 730 3802 oppidum
746 3749 795 3802 ope
810 3733 904 3786 diuina
919 3732 1101 3789 disturbatum
1116 3732 1220 3784 instau-

90 3835 146 3874 rare
167 3819 384 3889 aggrederentur.
416 3821 427 3887 ΙΙ
456 3819 528 3874 Geth
547 3819 604 3873 Pb:
624 3818 675 3874 Gai
693 3819 726 3872 de
739 3819 827 3872 Preto
839 3821 1003 3886 (praeeunte
1021 3817 1139 3883 Drcesm)
1159 3829 1221 3869 com

91 3905 195 3974 praecis
203 3903 304 3959 Recte
316 3910 342 3958 et
350 3903 520 3974 Hieronymo
532 3903 566 3958 de
577 3905 642 3958 tocie
650 3905 812 3958 Palestinae
829 3905 842 3972 ΙΙ
862 3903 1007 3958 excercitus
1016 3904 1044 3957 P
1090 3901 1127 3958 li
1138 3901 1216 3954 ‘met-

91 3991 139 4045 oo
158 3996 272 4045 taetrae
291 3989 337 4043 oet
356 3989 386 4042 in
405 3988 506 4042 bellum
527 3989 680 4058 eonspirant
696 3989 741 4042 uel
761 3988 913 4058 conspirent
928 3991 962 4043 Is
981 3989 1062 4043 armis
1078 3985 1218 4054 depellere'

92 4075 125 4130 de
146 4076 265 4139 Pret03
301 4075 336 4142 cf.
362 4075 490 4143 11,11,4
568 4074 604 4131 13
628 4073 786 4128 dediderunt
814 4075 986 4129 Gutedeiue:
1023 4072 1151 4126 dederuut
1174 4071 1220 4125 Pb

142 4159 181 4217 14
197 4161 292 4215 mettre
303 4159 470 4228 receptisque
481 4159 511 4213 in
522 4159 616 4214 fidem.
627 4200 634 4214 .
644 4159 805 4229 imperatum
854 4160 891 4217 16
903 4158 1025 4215 Gabaoth
1035 4157 1092 4210 Pb:
1106 4155 1217 4211 Gabaon

93 4245 213 4300 Mus
279 4245 315 4302 17
334 4245 403 4298 ertia
423 4246 476 4300 P:
495 4244 578 4298 eretis
601 4246 617 4298 b
681 4244 719 4302 18
736 4245 853 4300 nuntiiss
873 4246 937 4313 (sio)
958 4245 985 4298 P
1003 4245 1016 4311 ΙΙ
1036 4244 1173 4296 succurret
1191 4244 1222 4298 P

143 4331 179 4388 19
197 4330 411 4386 internecionem
427 4333 430 4398 t
446 4330 504 4384 ulta
517 4332 545 4385 P
1058 4372 1060 4375 -
