3050 4984
568 388 729 443 Octauius
747 402 768 439 c.
789 386 833 443 19.
1220 386 1261 451 27

141 544 258 611 scribit.
276 544 504 627 Theophrastus
519 543 614 607 etiam
629 544 745 621 uariat,
768 541 845 606 alias
859 540 987 619 mundo,
1008 540 1087 605 alias
1101 539 1199 605 menti
1214 538 1262 603 11-
1274 543 1315 597 10

140 646 232 712 uiuae
246 646 383 711 tribuens
394 644 610 727 principatum.
623 644 724 710 Zenon
735 646 767 710 et
773 642 960 727 Chrysippus
974 643 1006 707 et
1016 641 1175 707 Cleanthes
1191 642 1262 706 sunt

140 752 172 815 et
183 748 246 832 ipsi
257 748 472 827 multiformen,
489 748 589 813 sedad
600 748 751 813 unitatem
762 745 971 828 prouidentiae
983 762 1087 811 omnes
1097 746 1263 810 reuolurm-

139 855 202 917 tur.
219 852 381 917 Cleanthes
396 852 478 917 enim
493 852 646 930 mentem,
662 850 752 916 modo
768 850 921 927 animum,
936 850 1026 914 modo
1042 849 1180 925 aethera,
1195 847 1262 929 ple·

117 974 270 1037 arumque
284 955 434 1019 rationem
458 956 551 1019 deum
565 954 719 1019 disseruit.
742 953 857 1031 Zenon,
874 952 1011 1018 eiusdem
1025 951 1188 1036 magister,
1205 969 1262 1014 na-

138 1057 272 1123 turalem
286 1058 387 1142 legem
401 1058 493 1139 atque
508 1057 647 1123 diuinam
660 1057 691 1121 ot
706 1057 830 1121 aethora
841 1056 967 1121 interim
981 1056 1196 1136 interdumque
1211 1073 1259 1118 ra·

137 1162 256 1227 tionem
271 1162 341 1227 uult
356 1162 495 1226 omnium
510 1180 575 1226 esse
589 1160 792 1243 principium
813 1158 898 1224 idern
919 1159 1146 1241 interpretando
1167 1158 1261 1222 Iuno-

137 1284 209 1329 nem
224 1269 312 1343 aira,
337 1265 444 1330 Iouem
465 1265 599 1343 caelum,
621 1262 802 1346 Neptunum
816 1283 916 1342 mare,
936 1264 1041 1347 ignem
1058 1260 1260 1326 0000111100-

138 1386 215 1431 num
230 1368 263 1431 et
277 1368 393 1433 ceteros
404 1367 549 1432 similiter
564 1366 651 1450 uulgi
666 1366 737 1431 deos
749 1367 902 1432 elementa
916 1383 981 1431 esse
991 1363 1187 1430 monstrando
1201 1382 1259 1444 pu-

4 1512 5 1537 ,
101 1469 255 1535 roblicum
276 1470 379 1554 arguit
399 1471 536 1553 grauiter
558 1472 589 1535 et
603 1470 733 1535 reuinoit
753 1488 896 1535 errorem.
915 1466 1098 1535 cademfore
1113 1466 1310 1549 Chrysip-11

135 1591 209 1656 pus:
233 1573 301 1638 uim
316 1573 469 1652 diuinam,
493 1571 675 1638 rationalem
693 1573 836 1637 naturam
856 1573 888 1636 et
908 1571 1059 1636 mundum
1087 1570 1213 1635 interim
1228 1571 1259 1633 et

135 1674 266 1741 fatalem
290 1664 505 1741 necessitatem
537 1677 628 1741 deum
656 1674 753 1740 credit
776 1675 986 1756 Zenonemque
1009 1672 1259 1754 interpretatione

133 1778 348 1862 physiologica
362 1778 394 1842 in
408 1778 550 1857 Hesiodi,
579 1778 709 1843 Homeri
735 1776 908 1860 Orpheique
937 1776 1124 1843 carminibus
1151 1775 1259 1839 imita-

133 1881 195 1944 tur.
219 1880 390 1963 Babylonio
404 1881 500 1945 etiam
520 1881 650 1965 Diogeni
671 1881 834 1963 disciplina
853 1882 900 1945 est
923 1879 1089 1962 exponendi
1110 1881 1142 1943 et
1162 1879 1312 1943 disse-12

99 2011 124 2049 rs
133 1982 232 2061 rendi,
248 1982 331 2047 Iouis
346 1984 471 2064 partum
487 1984 518 2048 et
529 1985 633 2049 ortum
647 1983 806 2049 Mineruae
820 1985 852 2048 et
865 1983 922 2049 hoe
938 2002 1033 2067 genus
1049 1984 1259 2047 ceteraremm

133 2085 286 2165 uocabula
297 2104 372 2165 esse,
387 2104 446 2151 non
458 2087 592 2152 deorum.
608 2106 682 2151 nam
695 2085 867 2152 Socraticus
878 2086 1047 2169 Xenophon
1061 2085 1193 2150 formam
1208 2086 1258 2149 dei
1270 2100 1310 2154 13

133 2189 199 2253 ueri
210 2190 305 2273 negat
316 2188 415 2253 uideri
430 2206 518 2270 posse
532 2190 640 2255 etideo
653 2190 756 2271 quaeri
771 2209 831 2255 non
844 2190 993 2272 oportere,
1003 2188 1131 2253 Ariston
1137 2186 1257 2253 Stoicus
1295 2177 1309 2190 ’

132 2290 337 2371 conprehendi
353 2291 473 2355 omnino
488 2308 548 2356 non
562 2311 665 2375 posse:
692 2294 820 2374 uterque
835 2293 1030 2357 maiestatem
1053 2292 1112 2356 Dei
1132 2291 1257 2356 intelle-

132 2391 226 2476 gendi
243 2393 453 2477 desperatione
467 2396 635 2459 sensenmt.
671 2395 798 2461 Platoni
824 2395 958 2476 apertior
980 2394 1017 2460 de
1039 2396 1095 2459 deo
1115 2394 1146 2458 et
1165 2393 1256 2458 rebus
1269 2402 1310 2457 14

97 2495 209 2578 aoipsis
226 2499 257 2561 ot
268 2496 445 2562 nominibus
460 2499 558 2563 oratio
573 2500 620 2563 est
635 2501 666 2563 et
681 2518 757 2580 quae
772 2499 838 2563 tota
853 2500 933 2562 esset
948 2497 1096 2575 caelestis,
1111 2497 1171 2561 nisi
1185 2516 1256 2579 per-

132 2598 283 2665 suasionis
298 2600 400 2665 oiuilis
411 2620 640 2684 nonnumquam
652 2601 839 2666 admixtione
849 2601 1045 2666 sordesceret.
1061 2600 1183 2665 Platoni
1194 2599 1255 2664 ita-

132 2721 191 2783 que
211 2702 245 2766 in
266 2703 392 2768 Timaeo
413 2704 549 2769 deusest
571 2705 637 2787 ipso
658 2712 712 2769 suo
727 2705 849 2769 nomine
870 2704 978 2769 mundi
991 2724 1118 2788 parens,
1146 2704 1257 2769 artifex

131 2806 266 2883 animae,
282 2806 463 2871 caelestium
477 2810 726 2889 terrenorumque
747 2808 927 2888 fabricator,
955 2827 1047 2890 quom
1067 2810 1098 2873 et
1118 2808 1258 2873 inuenire
1277 2863 1281 2872 ,

182 3043 199 3099 1
219 3042 417 3113 Theophrastus
430 3044 513 3098 etiam
529 3046 647 3099 Vabtere:
666 3045 830 3100 theofrastus
847 3048 875 3101 et
891 3048 919 3101 P
942 3049 954 3115 ΙΙ
981 3048 1257 3116 uariat-principa-

129 3128 196 3197 tum]
210 3129 254 3183 bie
266 3145 316 3183 om.
330 3130 364 3197 P,
377 3131 412 3196 of.
427 3130 501 3199 adp.
514 3133 562 3199 26,
575 3135 610 3185 19
656 3132 825 3201 Zorysippus
838 3134 888 3200 Pr,
900 3134 1056 3199 iternirrfro
1107 3133 1255 3189 dmentem

129 3214 186 3269 Pr:
196 3214 324 3269 mundum
329 3214 477 3269 Dowtrr'oa:
490 3218 548 3283 ipsc
559 3218 652 3271 rectior
660 3217 787 3271 mundum
796 3218 872 3271 modo
881 3219 937 3287 (real
945 3219 1062 3272 mentem
1071 3218 1165 3288 modo),
1178 3219 1255 3272 modo

128 3299 247 3353 animum
252 3322 260 3367 ;
284 3302 319 3368 cf.
339 3301 390 3356 Oia
405 3302 421 3354 l.
435 3318 455 3355 c.
464 3303 485 3369 ᾖ
498 3306 548 3357 37.·
567 3302 709 3358 Cleanthes
727 3306 817 3357 autem
826 3343 849 3357 ..
868 3305 927 3357 tum
938 3303 1026 3372 ipsum
1038 3304 1164 3358 muudum
1176 3305 1255 3358 deum

127 3384 195 3439 dicit
206 3401 273 3454 esse,
286 3388 344 3440 tum
356 3386 440 3441 totius
452 3389 564 3441 naturas
580 3389 665 3441 menti
682 3390 762 3456 atque
780 3389 867 3442 animo
884 3389 984 3443 tribuit
1000 3390 1049 3444 hoo
1063 3406 1169 3454 nomen,
1193 3392 1254 3443 tum

127 3470 254 3525 ultimum
267 3473 294 3525 et
306 3471 494 3526 altissimum..
508 3472 635 3538 ardorem,
648 3474 694 3541 qui
706 3475 799 3528 aether
810 3475 969 3540 nominetur,
985 3476 1162 3529 certissimum
1174 3476 1252 3529 deum

126 3554 230 3609 iudicat
273 3556 291 3615 5
309 3557 419 3611 disserit
438 3557 574 3612 Deciates
594 3565 677 3623 recte,
696 3566 728 3613 eet
740 3560 868 3628 0111010ος
886 3578 953 3614 nara
968 3562 1129 3629 praescotia
1137 3568 1254 3629 practer

127 3642 141 3709 ἓ
153 3645 172 3695 4
183 3642 231 3711 (dc
239 3642 362 3710 17101010)
372 3648 397 3697 ct
404 3643 573 3698 antecederet
585 3650 610 3698 at
621 3652 776 3713 scqwaeretaor
826 3646 862 3702 11
876 3646 932 3700 uim
944 3647 1015 3700 anim
1026 3646 1145 3701 diuinam
1158 3648 1254 3702 Vorcclc

125 3725 159 3781 L.
170 3727 205 3781 L.
214 3744 245 3795 p.
260 3730 295 3781 56
355 3727 391 3784 13
404 3729 586 3798 physiologica
603 3730 744 3785 Borrsr'oro:
764 3731 958 3801 physoasogiae
977 3733 1005 3785 P
1021 3749 1088 3786 corr.
1106 3734 1139 3786 ira
1155 3733 1252 3801 phylo·

125 3810 221 3881 logice,
240 3812 422 3882 physiologiae
434 3830 450 3867 r
470 3816 481 3882 ΙΙ
502 3814 602 3868 aesiodi
613 3815 715 3869 homeri
727 3816 846 3884 orieiquc
858 3818 886 3871 P
950 3818 987 3874 14
1004 3818 1146 3887 disciplina
1158 3817 1252 3871 eadem

126 3898 320 3966 cstexponenti
337 3900 364 3951 et
380 3898 522 3953 disserenti
534 3901 627 3955 metim
678 3902 714 3960 15
734 3903 987 3973 oetcraRipoltire:
1006 3907 1152 3957 ceterarum
1173 3904 1216 3957 Pr

125 3982 163 4039 16
182 3998 245 4037 uam
258 3984 295 4038 P:
308 3984 373 4049 fort.
387 3984 442 4038 iam
458 3985 470 4052 ΙΙ
485 3986 596 4039 xenot‘on
611 3987 637 4040 P
690 3987 726 4043 17
745 3988 830 4041 aristo
839 3989 957 4043 stonicus
966 3990 1001 4057 P,
1014 3989 1104 4043 Aristo
1114 3990 1212 4043 stoicus
1224 4005 1251 4053 r,

124 4068 217 4123 Aristo
237 4068 320 4125 Chius
342 4069 489 4138 (1010001009,-
511 4087 561 4127 reos
583 4073 700 4139 formam
720 4074 884 4129 Aristonea
905 4075 1250 4145 perceptoremque

124 4155 295 4211 restituimus
348 4154 384 4213 18
403 4157 603 4225 compraehendi
626 4158 669 4211 Pr
696 4160 708 4226 Η
735 4159 948 4229 magistatemP
998 4160 1038 4216 20
1054 4162 1082 4213 et
1095 4160 1251 4215 hominibus

124 4239 276 4308 Merrraies,
289 4246 319 4293 at
329 4258 356 4294 ro.
369 4239 468 4294 Docta.
492 4242 504 4308 ΙΙ
527 4242 591 4307 fort.
605 4245 660 4308 est,
680 4259 746 4312 quaa
767 4244 837 4313 (aare
848 4246 887 4315 et)
949 4245 987 4301 22
1010 4244 1068 4314 ipso
1080 4262 1127 4299 suo
1140 4248 1167 4301 P
1177 4263 1248 4302 corr.

124 4340 159 4379 eac
176 4325 266 4395 ipsuo;
285 4326 342 4394 ipso
356 4326 474 4381 Vrsinus
