3050 4984
329 333 393 399 130
748 328 899 397 Sulpicii
917 328 1034 383 Seueri

325 486 418 551 coret.
433 483 725 567 celeberrimumque
738 503 793 566 por
807 502 896 549 omne
909 483 1060 566 palatium
1074 482 1146 561 fuit,
1161 482 1270 547 fecisse
1284 478 1490 545 Martinam

324 587 360 653 in
379 586 461 672 regis
485 587 628 669 prandio,
660 587 742 670 quod
767 587 800 651 in
824 586 1000 653 infimorum
1024 587 1163 652 iudicum
1188 583 1339 650 conuiuiis
1367 599 1487 647 nemo

294 699 312 753 8
325 691 536 774 episcoporum
548 688 681 755 fecisset
707 690 868 772 eidemque
882 689 1019 754 Maximo
1034 690 1125 773 longe
1146 691 1217 754 ente
1231 686 1391 769 praedixit
1416 684 1485 749 fu-

325 796 433 859 turum
457 794 511 871 nt,
543 793 572 857 si
595 794 635 858 ad
659 793 786 858 Italiam
810 794 965 877 pergeret,
991 809 1050 875 quo
1076 792 1121 858 ire
1148 790 1304 874 cupiebat,
1338 789 1484 855 bellum

323 895 539 962 Valentiniano
553 896 732 978 imperatori
745 895 896 974 inferens,
923 894 1015 961 sciret
1030 914 1062 960 sc
1076 895 1178 977 primo
1193 895 1320 978 quidem
1335 894 1481 975 impetu
1496 920 1514 957 ⁵

324 996 466 1064 futurum
486 1016 554 1063 esse
578 998 744 1077 uictorem,
770 999 825 1064 sed
838 1016 933 1081 paruo
947 999 1017 1081 post
1041 1000 1177 1081 tempere
1191 1016 1256 1063 esse
1270 997 1476 1080 periturum.

296 1101 407 1183 oqucd
421 1100 546 1183 quidem
560 1101 606 1165 ite
619 1100 766 1167 uidimus.
789 1121 863 1167 num
877 1101 977 1184 primo
991 1102 1126 1167 aduentu
1140 1100 1206 1166 eius
1220 1098 1477 1165 Valentinianus

325 1203 359 1269 in
383 1202 492 1288 fugam
516 1222 622 1269 uorsus
648 1206 709 1269 cet:
735 1204 928 1288 deindepost
942 1224 1056 1269 annum
1070 1205 1133 1269 fere
1147 1202 1315 1286 resumptie
1330 1202 1471 1267 uiribus

326 1309 454 1389 coptum
468 1306 550 1372 intre
563 1306 725 1389 Aquileiae
738 1326 843 1373 muros
858 1308 1030 1373 Maximum
1044 1306 1207 1373 interfecit.

276 1413 315 1475 21
371 1408 498 1474 Oonsmt
522 1411 628 1474 autem
652 1410 749 1475 etiam
772 1409 896 1494 angelos
922 1411 960 1476 eb
979 1429 1013 1475 eo
1029 1411 1209 1493 plerumque
1223 1410 1327 1487 uisos,
1354 1409 1403 1474 itu
1422 1410 1467 1473 ut
1488 1436 1515 1475 lo

327 1514 464 1577 conserto
478 1513 560 1594 apud
574 1530 646 1577 cum
660 1511 794 1578 inuicem
808 1531 945 1578 sermone
966 1515 1182 1595 loquerentur:
1211 1512 1371 1578 diabolum
1386 1530 1471 1576 uero

328 1616 374 1680 itu
388 1614 624 1696 conspicabilem
638 1616 671 1680 ct
683 1616 857 1681 subiectum
871 1617 968 1682 oculis
982 1617 1134 1695 habebat,
1160 1618 1197 1681 ut
1210 1616 1277 1681 siue
1291 1634 1323 1681 se
1337 1616 1372 1679 in
1386 1634 1470 1696 pro·

328 1718 395 1799 prie
405 1717 578 1785 substantie
588 1719 765 1798 contineret,
780 1719 846 1785 siue
861 1720 894 1785 in
905 1720 1040 1785 diuersus
1051 1720 1167 1805 ligones
1182 1719 1333 1802 spiritalis
1347 1717 1469 1801 neqni-

301 1820 393 1887 2tiue
416 1821 645 1899 transtulisset,
671 1822 810 1904 qualibet
835 1823 873 1887 ab
899 1841 934 1887 eo
959 1823 1017 1887 sub
1032 1823 1167 1907 imagine
1181 1822 1347 1888 uideretur.
1376 1822 1469 1903 quod

332 1941 403 1985 cum
422 1923 561 1987 diabolus
575 1924 667 1989 sciret
681 1943 713 1989 ee
727 1924 859 2009 effingere
874 1943 934 1992 non
946 1943 1048 2009 posse,
1071 1926 1216 1993 conuiciis
1230 1944 1301 1991 eum
1315 1924 1467 2007 frequen·
1482 1955 1515 1994 15

331 2024 377 2087 ter
387 2025 547 2107 urguebat,
562 2027 635 2108 quie
648 2026 755 2091 fullero
768 2044 828 2092 uon
841 2029 944 2111 posset
958 2028 1089 2094 insidiis.
1111 2029 1358 2112 quodcmcutem
1372 2029 1459 2093 tem·

333 2142 405 2207 pore
423 2144 515 2193 comu
528 2129 617 2193 bouis
637 2131 797 2195 cruentum
816 2131 849 2195 in
863 2150 956 2197 manu
976 2133 1080 2197 tenens
1101 2151 1172 2197 cunr
1192 2131 1310 2216 ingenti
1330 2130 1463 2195 fremitu

335 2227 478 2293 cellulum
496 2231 561 2295 eius
582 2232 714 2315 inmpit‚
736 2236 954 2318 cruentamque
979 2236 1139 2301 ostendens
1163 2235 1320 2299 dextoram
1361 2235 1376 2297 t
1400 2234 1460 2298 cd-

335 2330 430 2395 misso
443 2349 543 2398 recem
557 2335 668 2401 scelere
682 2338 819 2420 gaudens
828 2329 893 2402 ‘ubi
908 2326 964 2403 est’
975 2338 1086 2420 inquit,
1100 2329 1253 2416 ‘Martinq
1268 2337 1369 2401 uirtus
1379 2339 1459 2401 tua?

308 2448 433 2503 aunum
447 2432 484 2496 do
497 2436 559 2500 tuis
573 2439 663 2503 modo
678 2430 836 2505 interfeci'.
858 2441 931 2507 tunc
945 2440 999 2505 ille
1014 2441 1186 2507 conuocatis
1200 2440 1346 2506 fratribus
1361 2439 1504 2505 referteo

337 2534 412 2617 qnid
427 2534 565 2601 diabolus
578 2540 756 2607 indicasset:
779 2543 926 2608 sollicitos
946 2544 990 2609 ire
1010 2544 1157 2627 praecipit
1175 2562 1229 2626 per
1249 2543 1373 2609 cellulas
1387 2543 1453 2609 sin·

338 2636 496 2720 glutorum,
525 2640 663 2719 quisnam
682 2644 739 2709 hoc
759 2664 831 2711 casu
851 2646 989 2711 adiectus
1010 2646 1128 2712 fuisset.
1156 2647 1310 2713 neminem
1331 2646 1456 2729 quidem

339 2739 443 2802 deesse
467 2737 504 2801 de
530 2743 696 2824 monacbis,
729 2748 783 2813 sed
803 2768 900 2813 unum
926 2749 1077 2815 rusticum
1101 2751 1238 2815 mercede
1262 2750 1454 2826 conductum,

340 2840 376 2904 ut
390 2838 530 2903 uehiculo
545 2838 629 2922 ligna
643 2846 784 2928 deferret,
807 2850 868 2915 isse
888 2852 927 2917 ad
947 2852 1060 2917 siluam
1079 2853 1231 2919 nuntient.
1255 2853 1340 2918 iubet
1359 2852 1456 2937 igitur

310 2940 458 3021 reliquos
472 2940 518 3004 ire
532 2940 561 3003 ei
575 2941 710 3011 obuium:
725 2951 770 3017 ita
783 2953 859 3019 baut
873 2956 962 3039 longe
977 2975 996 3020 c
1009 2956 1192 3021 monasterio
1207 2955 1270 3021 iem
1282 2974 1373 3038 paene
1384 2974 1455 3019 exe·
1468 2979 1500 3019 25

340 3042 435 3108 nimis
454 3042 618 3107 inuenitur.
642 3049 808 3120 extremum
828 3058 932 3123 temen
952 3058 1096 3140 spiritum
1116 3059 1239 3124 trahem
1258 3059 1372 3123 indicat
1391 3057 1406 3121 f
1438 3096 1454 3108 -

341 3144 441 3209 tribus
456 3162 579 3209 causam
593 3148 701 3212 mortis
716 3154 745 3216 et
759 3157 907 3225 uulneris:
931 3161 1043 3225 iunctis
1058 3162 1178 3246 scilicet
1189 3162 1288 3226 bubus
1304 3162 1376 3226 dum
1389 3160 1453 3226 dis-

394 3418 570 3515 2prendium
595 3421 621 3473 V
645 3422 657 3488 11
686 3437 761 3475 nemo
784 3424 861 3493 episc.
890 3432 923 3486 V:
952 3436 1029 3503 episc.
1043 3437 1202 3492 nemoAFo
1265 3436 1453 3505 cpergertV

396 3503 634 3574 5qurdemprimo
650 3506 677 3561 V
692 3509 704 3575 11
727 3508 859 3578 inpetnA
917 3517 1075 3576 bdeinAF
1122 3522 1282 3579 iliuterficit
1297 3524 1323 3578 V
1365 3523 1396 3579 ll
1410 3523 1449 3577 in·

344 3590 430 3644 uicem
450 3588 519 3659 opud
539 3605 598 3644 enm
618 3592 690 3647 AFc
741 3595 778 3650 12
796 3596 836 3649 ite
858 3598 894 3653 V:
910 3603 967 3655 tem
986 3606 1056 3661 Are
1117 3609 1154 3665 13
1172 3609 1304 3678 spiritalis
1324 3608 1448 3678 nequitiae

344 3675 409 3731 ΒΜ
411 3674 445 3730 V:
464 3674 651 3746 spiritalesque
663 3678 880 3752 (spiritualesque
891 3685 917 3753 c)
929 3692 1060 3756 nequitiae
1072 3694 1144 3749 AFo
1213 3696 1249 3755 15
1267 3696 1386 3751 conubiis
1397 3695 1453 3749 AF

355 3764 368 3831 ΙΙ
390 3760 474 3830 frequ.
486 3760 617 3831 urguebat
637 3764 706 3818 AV:
725 3767 857 3836 nrguebct
876 3770 999 3839 (urgebat
1019 3783 1045 3844 o)
1063 3777 1146 3846 frequ.
1168 3781 1212 3835 Fe
1265 3782 1301 3838 17
1320 3798 1400 3836 comu·
1425 3782 1450 3836 V

344 3847 555 3916 (cornumcorr.)
620 3847 657 3905 18
675 3852 814 3907 ostendens
831 3855 865 3909 V:
884 3857 1103 3915 ostentensAFo
1168 3866 1204 3922 19
1222 3868 1443 3923 recentechorr.

355 3934 368 4001 ΙΙ
391 3931 507 4002 gaudens
526 3931 560 3987 V:
578 3935 744 4004 congaudens
755 3938 828 3994 AFo
847 3943 859 4009 Η
879 3940 972 4009 inquid
987 3944 1024 4011 V,
1036 3945 1100 3999 item
1110 3962 1189 4018 coepe
1200 3950 1270 4005 ulios
1321 3952 1444 4009 2011111-

321 4058 323 4064 .
345 4018 389 4073 fici
405 4019 431 4073 V
480 4018 517 4075 21
535 4018 715 4090 sollicitosque
727 4024 765 4076 Μ
783 4026 795 4092 ΙΙ
817 4026 856 4079 ire
873 4026 907 4080 dc
924 4028 1025 4083 Proto:
1046 4046 1102 4084 csse
1122 4033 1185 4087 libri
1206 4038 1218 4102 Η
1239 4039 1367 4107 praecepit
1381 4039 1445 4094 AFc

397 4104 435 4161 22
453 4103 549 4159 fuisset
560 4104 679 4160 adfectus
691 4108 763 4163 AFo
814 4111 852 4171 25
870 4112 910 4165 ita
922 4113 1041 4169 ABFM
1043 4114 1107 4185 QV:
1120 4118 1211 4187 itaque
1223 4137 1239 4174 o
1258 4122 1270 4189 ΙΙ
1288 4121 1358 4190 haunt]
1369 4126 1410 4177 eut
1424 4126 1448 4179 V

346 4190 596 4259 etcicempcalioe
665 4192 702 4249 27
720 4210 826 4249 cansam
851 4198 920 4252 Vct
940 4199 995 4253 cod.
1018 4200 1125 4257 Jorete:
1147 4220 1237 4258 cesum
1257 4207 1313 4260 rell.
1335 4213 1357 4261 cl
1374 4212 1441 4277 o,·cs.

348 4275 503 4330 Paulinus:
522 4276 646 4333 Vulneris
659 4294 789 4348 exponens
801 4298 907 4337 causam
919 4290 965 4339 etc.
