3050 4984
296 442 413 497 XXVIII

297 599 430 691 luisse,
458 599 523 675 sed
558 627 592 699 p.
619 605 676 691 12,
704 606 749 675 17
774 628 976 703 operarum
1007 627 1132 677 errore
1163 605 1312 676 'comma
1333 614 1418 701 post

296 720 473 795 seminudi
492 722 623 819 puncti
643 724 727 799 loco
753 725 920 822 positum
943 733 1007 797 est.

347 1078 524 1179 Superest
548 1093 586 1155 ut
603 1082 652 1155 de
674 1082 789 1156 altera
810 1084 921 1157 huius
947 1082 1146 1156 uoluminis
1173 1092 1279 1179 parte
1302 1109 1420 1182 pauca

296 1202 470 1275 dicamus.
499 1226 582 1275 cum
605 1204 702 1277 enim
724 1202 877 1276 Minucii
891 1200 1037 1275 libellus
1052 1203 1162 1275 nimis
1183 1202 1322 1301 exiguo
1346 1229 1419 1276 am·

294 1320 377 1394 bitu
397 1346 477 1396 esse
498 1323 698 1415 uideretur,
713 1349 828 1421 rquam
840 1334 882 1396 ut
896 1323 1047 1421 proprio
1061 1324 1253 1398 uolumine
1265 1326 1303 1397 in
1319 1349 1419 1397 nouo

296 1466 451 1539 corpore
474 1445 694 1541 scriptorum
704 1444 1038 1517 ecclesiasticorum
1052 1442 1247 1517 commode
1263 1444 1323 1516 edi
1337 1469 1419 1541 pos·

295 1571 366 1650 set,
406 1560 598 1636 Firmici
624 1562 825 1637 Materni
850 1563 988 1636 librum
1022 1562 1067 1635 de
1093 1587 1219 1636 errore
1245 1565 1418 1662 profana·

294 1708 380 1755 rum
397 1685 619 1781 religionum
638 1684 940 1783 subiungendum
958 1684 1264 1760 existimauimus.
1290 1687 1323 1759 is
1347 1687 1419 1784 pri·
1509 1665 1510 1740 s

294 1828 399 1875 mum
427 1828 449 1875 a
475 1802 627 1877 Flacio
655 1805 852 1904 Illyrico
879 1830 910 1877 a.
943 1793 1039 1877 1562
1067 1829 1115 1878 ex
1141 1804 1264 1878 codice
1300 1830 1416 1905 quon·

260 1986 262 1997 ,
295 1920 380 1993 dam
407 1922 590 1997 Mindensi
617 1924 737 1997 editus
765 1937 836 2017 est,
872 1950 1037 1999 excusus
1065 1924 1292 2022 Argentinae
1320 1924 1420 2023 apud

292 2038 453 2115 Paulum
470 2041 802 2143 Machaeropoeum
825 2045 1037 2143 sumptibus
1051 2043 1235 2119 lohannis
1249 2042 1418 2143 Oporini.

294 2161 411 2235 codex
437 2163 497 2237 ille
514 2164 579 2237 diu
595 2164 801 2254 delituerat
819 2166 939 2241 donec
958 2162 1164 2238 Conrado
1184 2164 1418 2239 Bursiano
1509 2209 1510 2232 2

292 2293 375 2355 ante
403 2284 470 2396 hos
497 2284 624 2365 decem
652 2312 770 2360 annos
802 2287 960 2384 contigit
985 2294 1029 2357 ut
1053 2285 1209 2375 librum,
1251 2288 1316 2382 qui
1343 2288 1418 2359 iam

291 2428 361 2501 pro
381 2402 570 2502 deperdito
588 2406 803 2498 habebatur,
831 2408 869 2479 in
886 2404 1108 2480 bibliotheca
1121 2403 1300 2479 Vaticana
1318 2407 1416 2479 inter

292 2522 435 2596 codices
449 2522 636 2599 Palatinos
654 2526 791 2600 iterum
817 2526 1013 2598 inueniret.
1040 2536 1152 2623 atque
1178 2525 1238 2598 ille
1265 2526 1416 2623 quidem

292 2652 350 2717 tot
376 2669 493 2717 nouas
520 2645 693 2719 lectiones
721 2670 769 2718 ex
795 2646 918 2719 codice
938 2646 1002 2722 diu
1021 2644 1227 2719 desiderato
1245 2646 1415 2743 protulit,

291 2775 334 2836 ut
367 2764 502 2856 editio,
541 2790 636 2864 quae
676 2768 753 2839 eius
783 2790 877 2839 cura
903 2790 934 2838 a.
970 2750 1065 2838 1856
1094 2762 1240 2862 Lipsiae
1266 2767 1416 2863 prodiit,
1509 2845 1510 2864 ξ

291 2909 362 2981 pro
388 2909 478 2957 uera
495 2886 661 2983 principe
679 2886 793 2959 libelli
808 2885 978 2959 habenda
995 2886 1053 2958 sit.
1081 2884 1147 2958 sed
1173 2885 1310 2959 infelici
1325 2910 1416 2958 casu

292 3004 502 3101 complures
529 3004 666 3078 codicis
684 3004 842 3079 Palatini
867 3006 1016 3079 chartae
1033 3015 1111 3077 tam
1129 3006 1225 3077 male
1252 3005 1416 3079 adfectae

291 3133 399 3215 sunt,
433 3134 477 3197 ut
503 3124 590 3221 quid
625 3126 805 3224 scriptum
833 3126 883 3199 sit
915 3128 983 3198 uix
1009 3150 1057 3199 ex
1094 3124 1248 3223 singulis
1283 3126 1415 3199 litteris

292 3242 450 3321 diuinari
475 3245 603 3344 possit.
645 3246 756 3318 etiam
782 3246 887 3344 peius
914 3246 976 3319 alii
1007 3246 1079 3319 loci
1106 3270 1144 3318 se
1171 3245 1333 3335 habent,
1377 3246 1433 3330 in,
1509 3247 1510 3310 ἑ

292 3363 429 3460 quibus
473 3375 595 3439 uetere
636 3367 820 3464 scriptura
859 3390 1016 3463 prorsus
1056 3367 1220 3439 extincta
1253 3389 1415 3437 amanu
1509 3357 1510 3362 ’

290 3486 493 3558 recentiore
508 3509 609 3558 noua
627 3509 744 3584 eaque
752 3486 891 3583 partim
908 3486 1026 3559 aliena
1041 3485 1307 3584 superinducta
1316 3494 1415 3559 sunt.

289 3603 325 3675 in
355 3603 495 3701 aliquot
523 3604 702 3677 eiusmodi
730 3606 846 3695 locis,
890 3629 1054 3704 quorum
1089 3606 1292 3705 scripturas
1327 3631 1350 3678 a
1375 3629 1414 3678 se

291 3723 476 3823 dispectae
509 3725 715 3801 Bursianus
755 3725 835 3823 ipse
867 3726 1025 3800 incertas
1059 3750 1140 3799 esse
1172 3726 1413 3814 indicauerat

290 3868 348 3916 me
373 3853 521 3941 petente
547 3846 786 3941 Augustus
807 3842 1064 3921 Wilmanns
1098 3845 1262 3919 codicem
1291 3845 1412 3918 denuo

290 3964 469 4061 inspexit:
498 3990 546 4037 ex
572 3966 677 4038 cuius
703 3964 945 4039 relationibus
972 3991 1057 4040 cum
1083 3967 1153 4040 hoc
1180 3965 1412 4053 constitisset,
1509 3989 1510 4000 2

292 4109 425 4181 operae
451 4084 615 4183 pretium
640 4083 773 4175 uideri,
806 4095 849 4157 ut
879 4095 983 4159 totus
1012 4085 1129 4159 codex
1154 4086 1289 4158 iterum
1315 4084 1410 4181 lege·
1509 4073 1510 4076 ¹

290 4213 412 4294 retur,
454 4203 630 4277 mandatu
663 4204 873 4280 academiae
900 4204 1199 4279 Vindobonensis
1231 4204 1341 4302 Aug.
1363 4198 1410 4275 Ο.

205 4340 207 4343 ·
290 4322 355 4396 Fr.
382 4318 572 4417 Lorenz,
608 4324 716 4397 cuius
744 4326 928 4399 enarratio
955 4303 1201 4399 Mostellariac
1222 4322 1411 4397 Plautinae
