3050 4984
586 352 658 423 cap.
678 354 703 410 6·
1169 356 1210 421 85

79 511 179 588 cista,
195 510 228 574 in
242 528 302 591 qua
318 527 368 573 cor
381 526 466 574 soror
486 509 616 574 latenter
638 510 852 587 absconderat,
873 511 877 592 Ι
897 508 1045 573 tibiarum
1066 511 1158 575 cantu
1178 511 1266 575 etro.
1277 526 1310 567 ⁶¹²·

85 612 300 697 cymbalorum
310 612 426 677 tinnitu
440 612 604 694 crepundia
625 612 736 694 quibus
758 632 834 694 puer
848 612 992 696 deceptus
1007 612 1109 677 fuerat
1124 632 1211 678 men-

86 716 218 779 tiuntur.
236 715 280 779 sic
294 714 327 779 in
341 714 486 780 honorem
501 715 624 799 tyranni
639 735 658 780 a
673 715 825 781 seruiente
838 714 927 796 plebe
949 715 1023 779 deus
1044 715 1144 780 factus
1165 717 1212 781 est

86 817 140 901 qui
154 817 270 883 habere
286 836 347 883 non
360 819 414 899 pot
438 819 463 883 't
477 819 677 900 sepulturam.

48 947 66 984 a
127 921 205 985 Fuit
221 922 316 985 etiam
331 920 411 985 alius
421 921 515 986 Liber
529 922 605 1003 aput
620 921 740 987 Thebas
755 922 902 1005 tyrannus
917 921 1055 1005 magicae
1066 921 1142 987 artis
1157 932 1241 1003 po·6

85 1024 200 1089 testate
215 1023 401 1106 perspicuus.
418 1024 469 1089 hic
486 1042 557 1088 oum
578 1024 741 1089 muliebres
757 1025 874 1090 animos
888 1026 1013 1090 uenenis
1029 1024 1213 1108 quibusdam

85 1128 117 1190 et
129 1126 320 1192 carminibus
332 1128 517 1210 occupasset,
534 1145 588 1209 pro
600 1127 728 1191 arbitrio
743 1145 798 1192 suo
813 1127 948 1192 crudelia
962 1126 1097 1193 facinora
1109 1129 1214 1194 furen-

86 1231 174 1295 tibus
181 1229 362 1310 imperabat,
379 1231 415 1295 ut
426 1233 529 1296 moute
539 1232 644 1312 captas
654 1230 773 1295 nobiles
787 1230 918 1296 feminas
930 1232 961 1297 ot
974 1232 1141 1297 libidinum
1153 1232 1214 1295 rni-

85 1332 341 1399 nistrashaberet
356 1333 555 1399 etscelerum.
584 1334 637 1416 qui
649 1334 753 1416 qualia
763 1333 872 1400 fecerit
883 1336 997 1401 scelera
1007 1336 1216 1418 uelquantum

52 1460 79 1499 u
86 1436 184 1502 matri
200 1436 304 1499 contra
319 1436 419 1501 filium
431 1437 482 1502 uel
494 1436 646 1501 sororibus
662 1438 767 1502 contra
780 1436 910 1502 fratrem
924 1438 1123 1520 imperauerit
1137 1437 1215 1503 faci·

86 1558 154 1618 uus,
172 1539 206 1604 in
222 1540 337 1605 scaenis
352 1539 478 1604 cottidie
493 1539 635 1624 atragici
653 1540 800 1605 carminis
820 1540 996 1605 auctoribus
1014 1541 1163 1621 traditur,
1179 1542 1216 1605 ut

87 1643 232 1707 scelerati
253 1643 377 1727 tyranni
394 1642 563 1708 facinorosa
582 1642 749 1708 crudelitas
774 1643 808 1707 in
827 1643 940 1708 animis
961 1642 1179 1709 audientiuml
1199 1680 1215 1692 -

87 1746 187 1811 uestis
202 1764 321 1827 semper
339 1745 540 1811 relationibus
562 1746 748 1811 renascatur.
766 1747 848 1810 huno
869 1746 1029 1829 Lycurgus
1049 1747 1150 1812 sobria
1166 1746 1243 1812 ui·⁷

87 1868 195 1913 rorum
221 1849 428 1918 coniuratione
454 1849 609 1930 protectus
630 1866 723 1933 regno
750 1849 850 1928 eruit,
876 1849 966 1930 pellit
979 1849 1095 1931 patria:
1118 1869 1216 1932 neque

56 1954 173 2019 nomm
198 1951 391 2017 effeminatus
422 1969 602 2016 consensum
627 1952 766 2017 uirorum
787 1952 889 2034 potuit
909 1953 1027 2018 diutius
1056 1953 1215 2019 sustinere.

89 2158 279 2225 Graecorum
290 2157 460 2241 gymnasiis
472 2158 662 2223 decantatur.
678 2176 733 2223 nec
748 2157 824 2242 fuga
838 2158 904 2223 eius
918 2158 1078 2243 Lycurgus
1092 2160 1216 2223 tantum

86 2264 137 2327 est
152 2262 305 2344 exilioque
321 2262 496 2339 contentus,
512 2261 566 2325 sed
580 2262 708 2339 timens,
729 2279 769 2325 ne
783 2260 905 2344 fugiens
928 2262 960 2326 et
974 2262 1013 2326 ab
1028 2261 1099 2326 aliis
1113 2280 1218 2343 recep-

88 2369 142 2431 tus
166 2365 337 2429 ludibriosa
365 2365 514 2429 scelerum
534 2382 660 2430 suorum
686 2365 782 2430 ctiam
802 2364 836 2428 in
860 2364 923 2429 alia
938 2364 1062 2447 regione
1077 2364 1219 2428 conderet

51 2490 81 2530 ao
89 2469 220 2546 semina,
233 2467 406 2547 succinctus
417 2466 496 2533 ferro
508 2468 626 2550 patriae
637 2468 769 2532 dedecus
780 2466 892 2532 minaci
904 2467 1096 2549 persequitur
1108 2467 1217 2532 edicto.

88 2574 167 2637 tunc
192 2572 285 2637 liber
304 2571 447 2653 proiectis
462 2570 586 2648 infulis,
613 2589 689 2653 quas
703 2570 876 2652 pampineis
896 2588 1075 2636 coronarum
1095 2568 1219 2635 circulis

90 2676 256 2759 inligabat,
273 2693 344 2739 curn
359 2674 503 2739 semiuiro
519 2659 667 2739 comitatu
682 2673 805 2758 fugiens
818 2712 858 2721 -
873 2672 932 2736 soli
943 2672 1027 2736 enim
1038 2692 1109 2737 eum
1120 2672 1219 2737 secuti

87 2780 167 2844 sunt
174 2779 351 2860 stuprorum
358 2779 389 2843 et
399 2778 592 2863 flagitiorum
607 2796 642 2841 ao
652 2777 821 2842 libidinum
836 2777 1019 2857 socii—per
1034 2794 1139 2841 omnes
1151 2792 1220 2840 oras

91 2881 190 2948 uicini
204 2881 299 2947 maris
318 2883 321 2967 1
338 2900 409 2947 oum
424 2900 545 2946 summa
558 2881 762 2963 trepidatione
779 2881 997 2964 desperationis
1013 2880 1137 2945 errauit.
1152 2879 1277 2947 illicne.
1286 2903 1322 2947 r..

51 3003 80 3042 2⁵
89 2987 175 3051 inter
186 2986 286 3050 ebrias
296 2985 416 3068 puellas
431 2985 462 3049 et
477 2984 648 3050 uinolentos
663 3002 766 3063 senes,
784 3003 855 3049 curn
869 2984 970 3049 adhuc
984 3003 1056 3049 eum
1070 2983 1248 3052 scelerum8

88 3107 206 3173 pompa
220 3089 422 3170 praecederet,
438 3088 517 3153 alter
531 3089 619 3172 nigro
635 3087 751 3153 amictu
766 3088 880 3165 taeter,
893 3088 972 3152 alter
986 3089 1106 3153 ostenso
1121 3104 1221 3171 angue

87 3192 254 3270 terribilis,
270 3192 350 3257 alter
364 3193 507 3257 cruentus
520 3209 580 3271 ore,
592 3192 668 3255 dum
678 3192 752 3255 uiua
766 3190 892 3273 pecudis
909 3190 1048 3255 membra
1063 3189 1220 3271 discerpit,

86 3316 110 3360 a
124 3296 269 3379 Lycurgo
285 3295 518 3376 {conprehensus
538 3313 591 3377 per
611 3295 784 3377 proximam
795 3312 922 3375 rupem,
944 3312 1021 3375 quae
1046 3292 1222 3357 inmensum

88 3398 311 3483 praecipitium
323 3397 404 3463 saxis
415 3398 509 3463 inuiis
522 3397 645 3476 fecerat,
657 3398 690 3461 in
701 3415 786 3462 mare
797 3394 1026 3478 praecipitatur,
1041 3395 1077 3458 ut
1087 3394 1223 3458 lacerum

53 3531 81 3569 :u
92 3520 206 3583 corpus
212 3501 342 3566 marinis
351 3500 405 3565 diu
416 3500 718 3565 iactatumfiuctibus
730 3499 902 3565 errantium
908 3498 1092 3582 populorum
1104 3496 1222 3561 animos

87 3604 133 3669 ad
150 3604 294 3670 sanitatis
314 3623 349 3669 ac
370 3603 544 3669 sobrietatis
566 3604 705 3669 ordinem
724 3622 832 3668 seuera
849 3600 1113 3669 animaduersione
1131 3618 1221 3665 reuo-
1257 3680 1260 3686 ¹

147 3865 183 3921 11
204 3862 336 3929 scenisP:
350 3862 435 3916 scenis
449 3861 508 3917 edel.
558 3862 594 3917 12
606 3860 755 3915 facinorosa
764 3859 824 3914 cdd.
873 3859 908 3919 15
921 3858 1134 3913 effeminatnsP:
1148 3855 1224 3910 effoe-

83 3951 214 4005 minatus
231 3950 278 4004 ille
291 3968 309 4004 u
374 3948 411 4006 16
430 3950 500 4003 enim
510 3964 570 4001 eum
579 3947 718 4001 Bursian:
737 3946 862 3999 cenatum
876 3945 947 3998 enim
963 3945 1067 4007 eumP,
1087 3943 1159 3996 enim
1171 3959 1190 3995 a

91 4037 132 4093 19
152 4036 362 4091 contenderetP
425 4035 462 4095 21
482 4050 620 4089 comarum
637 4034 666 4087 P
733 4032 770 4087 23
788 4033 940 4099 struporum
956 4031 984 4083 P
1053 4029 1090 4085 24
1106 4028 1223 4096 dispera-

88 4124 177 4179 tionis
190 4125 224 4187 P,
245 4124 309 4176 item
325 4139 354 4190 p.
367 4126 413 4189 87,
432 4124 472 4175 20
493 4120 561 4189 disp.
634 4119 672 4178 25
690 4118 843 4171 uinonettos
864 4117 892 4169 P
954 4115 993 4171 26
1010 4114 1178 4184 praecederet
1195 4116 1224 4166 et

92 4212 130 4275 P,
149 4211 178 4263 et
198 4208 300 4263 deleuit
313 4208 439 4263 Bwroo‘oa
461 4208 473 4274 11
496 4208 567 4259 teter
580 4208 621 4260 Po
673 4204 711 4260 27
729 4202 835 4273 pecodis
847 4203 886 4266 P,
905 4200 1034 4271 pecorisa
1085 4199 1121 4257 29
1140 4201 1171 4253 ut
1191 4216 1222 4253 a:

88 4298 125 4349 at
146 4296 175 4349 P
