3050 4984
507 395 621 450 Chron.
642 396 663 460 I,
683 397 803 453 37-39.
1175 401 1216 464 41

82 545 273 626 parricidales
291 551 424 614 conatus
439 551 517 615 ferro
532 551 616 615 ultus
632 553 687 618 est.
711 553 823 617 flebilis
842 571 878 616 ea
896 553 1025 617 uictoria
1039 553 1132 618 fuisse
1152 555 1218 638 regi

81 649 220 712 traditur:
246 651 347 716 tanta
360 653 393 717 in
407 671 441 717 eo
456 653 553 734 pietas
568 657 647 732 erat,
671 657 706 720 ut
727 656 821 720 etiam
841 656 1009 737 parricidae
1023 657 1086 720 filio
1100 658 1218 741 ignosci

81 752 213 817 uoluerit.
238 754 299 818 uix
316 755 376 819 hoc
390 756 507 820 bellum
522 759 691 822 extinctum
706 757 878 835 uidebatur,
894 758 979 823 aliud
994 778 1116 824 rursum
1131 769 1248 824 error-4

81 857 154 931 tum,
171 854 297 922 Sabaea
315 860 450 940 quodam
464 860 554 936 duce,
571 861 624 942 qui
639 861 808 942 pessimum
822 879 972 943 quemque
987 862 1026 926 ad
1040 881 1124 926 arma
1138 863 1216 928 inci·

59 959 199 1022 rotauerat.
226 961 285 1024 sed
307 979 435 1044 propere
456 965 558 1027 motus
579 965 677 1028 omnis
698 965 796 1029 morte
816 964 903 1029 ducis
923 983 1086 1046 repressus.
1115 966 1246 1032 crebrae

80 1060 177 1124 deinde
193 1064 353 1129 aduersus
370 1061 552 1149 Allophylos
566 1067 669 1132 Dauid
684 1067 798 1148 proelia
812 1067 943 1131 secundo
957 1069 1069 1132 euentu
1088 1068 1213 1132 habuit:

81 1165 253 1246 cunctisque
269 1167 357 1231 bello
373 1169 499 1233 domitis
520 1171 551 1233 et
570 1170 635 1234 tam
657 1171 768 1234 exteris
782 1189 876 1252 quam
890 1171 1066 1235 domesticis
1080 1171 1215 1235 motibus

81 1269 256 1348 compressis
281 1269 541 1336 florentissimum
568 1291 699 1357 regnum
726 1274 759 1337 iu
780 1292 854 1354 pace
881 1273 1021 1337 habebat.
1055 1274 1124 1338 tum
1146 1292 1247 1345 eume

83 1368 174 1434 subita
195 1372 317 1453 cupido
339 1373 463 1439 incessit
483 1376 522 1440 ad
543 1376 710 1440 metiendas
737 1377 860 1458 imperii
880 1376 960 1440 uires
981 1378 1128 1458 populum
1149 1395 1218 1441 cen·

58 1488 150 1536 rasere:
166 1473 213 1537 ita
228 1493 248 1538 a
264 1476 344 1540 Ioab
360 1477 491 1542 militiae
502 1479 651 1562 magistro
665 1481 764 1544 decies
775 1481 900 1543 centena
910 1481 941 1543 et
955 1480 1090 1543 trecenta
1100 1479 1218 1544 ciuium

84 1575 160 1638 milia
192 1577 405 1644 dinumerata.
437 1581 529 1644 huius
559 1601 630 1646 eum
661 1581 735 1646 facti
769 1601 840 1646 mox
870 1582 973 1665 piguit
998 1581 1218 1663 poenituitque,

85 1677 196 1742 ueniam
217 1699 236 1744 a
258 1681 329 1746 Deo
351 1684 469 1764 petens,
493 1703 546 1748 our
566 1685 598 1749 in
618 1685 650 1749 id
672 1686 789 1749 animos
811 1686 985 1762 extulisset,
1008 1685 1045 1749 ut
1065 1684 1150 1768 regni
1171 1684 1220 1748 sui

86 1782 246 1858 potentiam
268 1804 308 1849 ex
330 1805 455 1850 suorum
475 1789 578 1869 potius
599 1787 799 1853 multitudine
820 1807 913 1870 quarn
933 1807 969 1852 ex
989 1788 1092 1851 fauore
1114 1786 1218 1852 diuino

88 1884 264 1952 aestimaret.
309 1889 413 1970 itaque
446 1891 559 1954 missus
586 1892 625 1955 ed
650 1909 721 1954 eum
746 1891 874 1974 angelus
899 1891 1013 1955 trinam
1038 1890 1067 1954 ei
1091 1901 1247 1972 poenam?

64 2007 81 2044 n
88 1985 237 2054 denuntiat
260 1992 377 2074 datque
397 1983 560 2057 arbitrium
580 2013 674 2058 unam
695 1993 837 2078 eligendi.
861 1995 913 2059 sed
927 1994 1082 2077 proposita
1096 1995 1220 2060 triennii

90 2087 172 2169 lame,
194 2094 300 2158 trium
315 2095 468 2159 mensium
483 2095 573 2180 fuga,
589 2097 687 2161 morte
702 2097 815 2174 tridui,
834 2097 943 2181 fugam
957 2100 988 2162 et
1003 2098 1119 2163 famem
1133 2100 1218 2163 dete-

90 2193 176 2258 status
191 2199 331 2263 mortem
346 2198 455 2282 elegit,
477 2200 691 2282 momentoque
711 2200 858 2281 temporis
879 2219 951 2264 nnn
972 2201 1061 2265 milia
1080 2202 1217 2265 uirorum

92 2293 229 2364 interiere.
255 2303 328 2365 tum
342 2301 445 2366 Dauid
460 2302 567 2366 uidens
589 2304 748 2387 angelum,
765 2303 852 2366 cuius
867 2304 989 2366 dextera
1003 2303 1134 2384 populus
1148 2321 1248 2383 pro-a

92 2399 291 2481 sternebatur,
325 2405 447 2469 ueniam
473 2405 588 2486 precari
618 2423 708 2488 seque
733 2404 836 2469 3unum
861 2423 915 2486 pro
941 2405 1083 2470 omnibus
1109 2422 1219 2486 poenae

69 2500 209 2570 oobicore:
234 2525 272 2570 se
287 2507 418 2591 dignum
432 2509 539 2586 exitio,
563 2509 635 2590 quia
655 2509 719 2590 ipse
740 2508 901 2590 peccasset.
925 2508 971 2572 ita
990 2526 1133 2571 euersum
1153 2507 1219 2588 ple·

93 2602 131 2667 bis
149 2611 356 2691 supplicium:
379 2611 482 2676 Dauid
507 2611 540 2675 in
564 2611 645 2688 loce,
669 2612 701 2676 in
727 2630 787 2693 quo
812 2613 957 2695 angelum
977 2611 1112 2687 uiderat,
1135 2629 1221 2675 aram

94 2706 146 2772 Deo
164 2713 289 2778 statuit.
312 2731 383 2778 mox
408 2714 494 2778 annis
522 2716 561 2778 et
578 2715 683 2779 morbo
710 2715 869 2779 infractior
890 2714 1082 2779 Salomonem
1108 2713 1248 2779 filium9

94 2826 122 2872 er
138 2813 289 2881 Bersabee
309 2817 366 2880 Vri
387 2835 477 2881 uxore
498 2819 691 2899 susceptum,
715 2835 920 2882 successorem
938 2818 1026 2902 regni
1050 2817 1218 2882 constituit.

96 2911 117 2975 is
129 2920 218 3000 regali
233 2921 394 3004 unguento
408 2939 462 3002 per
476 2919 572 2985 Sadoc
592 2921 779 2985 sacerdotem
795 2923 920 2998 unctus,
943 2923 1029 3003 patre
1051 2921 1152 2986 adhuc
1172 2922 1220 2984 in·

72 3031 89 3073 n
96 3017 209 3101 columi,
234 3042 288 3087 rex
303 3023 482 3106 appellatus:
505 3024 623 3102 Dauid,
647 3043 718 3088 cum
732 3026 889 3108 regnasset
903 3041 995 3088 annos
1010 3043 1072 3101 xn,
1096 3023 1221 3089 defune-

97 3119 138 3186 tus
152 3129 203 3192 ost.
429 3111 439 3130 ’

131 3225 271 3295 Salomon
295 3230 385 3296 initio
411 3231 496 3316 regni
522 3231 630 3296 urbem
656 3249 744 3295 muro
771 3229 981 3295 circumdedit.
1005 3231 1078 3294 huic
1102 3249 1156 3312 per
1170 3239 1270 3300 soso

99 3343 187 3406 porem
201 3335 303 3398 astare
318 3336 401 3399 Deus
421 3335 507 3399 uisus
522 3336 583 3411 est,
611 3335 733 3415 petendi
755 3353 833 3415 quae
848 3334 943 3397 uellet
955 3333 1094 3398 tribuens
1119 3334 1219 3415 optio·

103 3523 204 3659 221111
226 3522 255 3576 11
272 3522 335 3591 Reg.
357 3522 401 3580 19.
438 3522 503 3580 311
520 3522 585 3591 Reg.
605 3522 650 3578 20.
688 3521 752 3580 511
769 3521 835 3589 Reg.
854 3519 973 3577 21-23.
1010 3520 1152 3588 8HReg.
1171 3519 1217 3576 24.

119 3611 125 3625 ’
205 3608 270 3678 Reg.
287 3609 311 3664 1.
336 3665 338 3670 .

144 3757 158 3812 1
174 3761 357 3830 parricidiales
375 3763 391 3816 b
454 3761 473 3818 3
490 3777 549 3816 cum
573 3761 647 3816 aliud
663 3761 779 3815 molebat
798 3761 942 3830 Sigonius,
961 3767 992 3813 at
1011 3760 1047 3826 cf.
1070 3761 1120 3813 ad.
1131 3759 1216 3812 Mart.

103 3841 158 3908 7‚3
206 3848 328 3917 izapar
337 3848 439 3916 LXX,
470 3847 556 3908 Sabou
573 3849 696 3902 Drosios
760 3846 951 3903 9metuendas
964 3846 992 3899 P
1045 3845 1083 3901 10
1100 3845 1141 3897 ita
1159 3844 1219 3897 ioab
1304 3894 1310 3905 ,

103 3915 203 3986 militiae
220 3934 353 4004 magistri
371 3934 409 3998 P,
433 3933 498 4001 fort.
518 3935 559 3987 ita
576 3950 622 4004 per
639 3932 708 3988 Joab
725 3933 939 4002 mmagistrum
1003 3931 1040 3988 12
1058 3930 1163 4000 petens]
1182 3932 1217 3997 cf·

104 4013 133 4066 bd
143 4022 168 4084 1,
185 4025 200 4073 1
218 4019 306 4072 uisum
318 4021 360 4073 est
370 4010 439 4073 mihi
450 4061 456 4074 .
469 4064 474 4074 .
494 4020 629 4074 locuturus
653 4022 665 4088 Η
687 4025 772 4088 regnu
784 4019 826 4072 sui
839 4019 867 4072 P
919 4017 956 4074 16
968 4016 1123 4087 deprecatus
1135 4015 1218 4068 mde-

105 4095 279 4159 booePrato
332 4106 368 4162 19
382 4122 463 4159 unum
476 4105 688 4160 PetDrusius:
701 4104 822 4158 uiunmb
873 4105 911 4159 22
924 4102 1062 4156 Dominob
1109 4101 1147 4157 23
1159 4101 1218 4156 ber·

105 4185 169 4242 noea
183 4192 210 4246 P
220 4194 284 4260 (pro
295 4191 434 4260 bersabec,
446 4198 479 4248 at
490 4192 619 4259 addetum
637 4207 703 4246 omo
714 4191 921 4246 terminationes
937 4189 1080 4242 moinum
1087 4189 1218 4256 proprae-

106 4283 154 4328 boo
174 4278 392 4347 dieoigeaarwm
411 4279 573 4347 plerumque
596 4279 628 4332 io
651 4279 678 4333 P
700 4279 791 4347 apices
813 4276 925 4341 moeno)
948 4277 959 4342 ΙΙ
982 4273 1025 4326 uri
1043 4275 1081 4329 P:
1107 4275 1218 4329 Uriueb
1275 4299 1279 4313 ¹

147 4360 180 4418 28
197 4363 326 4417 Dominus
338 4365 367 4432 b,
385 4364 449 4417 item
458 4365 545 4432 poulo
555 4370 617 4432 post
629 4364 736 4418 Domini
749 4370 775 4417 et
787 4379 803 4416 a
815 4360 936 4414 Domino.
