3050 4984
112 1093 150 1176 II.
166 1093 349 1197 Epistula
375 1093 414 1179 S.
441 1093 579 1202 Seueri
605 1094 656 1179 ad
682 1094 883 1180 Claudiam
912 1118 1084 1181 sororem
1114 1098 1162 1183 do

514 1234 759 1337 uirginitate.

122 1600 269 1702 Quantam
294 1644 325 1701 in
351 1643 522 1703 caelestibus
546 1643 752 1703 beatitudinem
767 1644 921 1718 uirginitas
932 1648 1030 1705 sancta
1040 1644 1225 1721 possideat‚1

89 1745 401 1819 praetersoripturarnm
411 1746 576 1805 testimonia
586 1746 819 1805 ecclesiaeetiam
828 1746 1196 1827 eonsuetudinejodocemun

76 1865 132 1918 iqua
143 1849 280 1909 discimus
293 1849 437 1922 peculiare
450 1850 512 1908 illis
527 1849 682 1909 subsistere
695 1850 844 1924 meritum,
867 1867 988 1925 quarum
1003 1852 1134 1926 specialis
1149 1856 1194 1913 cst

88 1952 250 2011 omeoratio.
275 1970 343 2011 nam
357 1970 422 2011 oum
435 1952 570 2012 uniuersa
592 1948 680 2012 turbs
698 1954 873 2013 credentium
893 1955 974 2028 paria
993 1956 1104 2029 gratiae
1124 1957 1197 2015 dona

41 2115 42 2132 ἦ
88 2055 206 2127 percipiat
232 2058 264 2115 ot
288 2056 380 2115 isdem
402 2072 499 2116 omnes
518 2057 758 2115 sacramentorum
771 2057 1014 2117 benedictionibus
1027 2058 1194 2132 glorientur,

88 2157 143 2216 istae
160 2159 309 2233 proprium
328 2159 439 2232 aliquid
454 2176 522 2232 prae
535 2159 638 2219 ceteris
651 2159 772 2231 habeut,
795 2177 859 2218 cnm
879 2161 913 2219 do
927 2160 979 2219 illo
994 2163 1091 2221 sancto
1106 2163 1135 2221 et
1149 2161 1196 2218 in·

88 2262 207 2321 maculato
222 2262 361 2321 eeclesiae
374 2278 461 2337 grege
475 2262 557 2336 qnasi
572 2262 728 2321 sanctiores
741 2262 925 2337 purioresque
944 2264 1054 2323 hostiae
1073 2281 1124 2337 pro
1144 2281 1195 2322 uo-

69 2368 83 2404 1⁰
88 2361 188 2424 tonans
202 2382 275 2424 suae
289 2364 400 2425 meritis
414 2382 433 2423 a
447 2367 544 2424 sancto
559 2365 663 2439 spiritu
678 2364 825 2439 eliguntur
838 2366 868 2425 et
882 2382 932 2439 per
946 2384 1087 2427 summum
1101 2382 1195 2425 sacer-

41 2465 42 2524 1
88 2465 160 2525 dotem
182 2468 238 2527 Dei
265 2468 424 2527 offeruntur
448 2468 561 2527 altario.
583 2468 785 2541 dignareuera
803 2468 922 2528 Domine
937 2469 1031 2528 hostia
1050 2471 1110 2528 tam
1130 2486 1195 2543 pre-

87 2567 137 2626 tiosi
159 2570 295 2631 animalis
320 2570 442 2643 oblatio,
464 2573 495 2631 et
512 2572 596 2630 nulla
614 2571 707 2646 magis
726 2572 754 2630 ei
768 2589 853 2647 quam
868 2572 1001 2646 imaginis
1017 2589 1084 2631 suae
1098 2572 1193 2631 hostia

87 2669 215 2740 placitura.
251 2675 288 2731 de
313 2673 474 2734 huiusmodi
500 2674 576 2733 enim
605 2675 775 2748 Apostolum
805 2674 954 2749 praecipue
984 2675 1089 2735 dixisse
1117 2692 1194 2735 reor:

88 2772 223 2836 Obsecro
245 2777 367 2835 autem
388 2794 467 2849 uos,
498 2776 650 2850 fratres,
678 2794 740 2851 per
761 2777 1049 2837 misericordiam
1070 2778 1132 2837 Dei
1154 2779 1195 2837 ut

67 2877 281 2939 reexhibeatis
302 2896 452 2953 corpora
473 2882 600 2940 uestra
619 2880 775 2940 hostiam
801 2882 998 2953 uiuentem,
1022 2884 1194 2951 sanctam,

86 2977 137 3038 lieo
156 2983 373 3055 placentem.
395 2984 522 3057 possidet
547 3002 613 3058 ergo
638 2984 792 3058 uirginitas
818 2987 846 3043 et
861 2986 935 3059 quod
958 2985 1009 3043 alii
1034 2985 1140 3043 habent
1166 2986 1195 3042 et

86 3085 143 3152 quod
155 3086 205 3144 alii
220 3104 279 3145 non
294 3086 417 3159 habent,
440 3087 507 3145 dum
529 3089 559 3145 ct
579 3104 754 3146 communem
775 3089 804 3146 et
819 3088 990 3161 peculiarem
1005 3088 1114 3147 obtinet
1128 3104 1195 3161 grc-

87 3184 154 3259 tian,
175 3192 204 3247 et
227 3190 363 3263 proprio,
385 3191 419 3248 ut
443 3191 486 3248 ita
511 3190 645 3262 dixerim,
679 3190 898 3249 consecrationis
912 3190 1062 3263 priuilegio
1078 3192 1191 3263 gaudet.

87 3304 136 3348 uam
158 3295 187 3351 et
212 3292 323 3352 Christi
344 3309 462 3367 sponsas
488 3293 615 3367 uirgines
635 3294 727 3353 dioers
746 3292 938 3353 ecclesiastica
957 3292 1038 3351 uobis
1053 3292 1194 3367 permittit

172 3475 208 3532 13
226 3476 304 3530 Rom.
326 3476 371 3540 12,
392 3477 417 3533 1.

125 3643 141 3699 3
158 3645 294 3713 Quantum
305 3648 334 3703 R
384 3648 405 3703 4
422 3647 548 3703 ecclcsiae
559 3648 614 3701 iam
629 3648 656 3703 V
713 3648 732 3705 5
750 3663 803 3715 qua
815 3646 883 3701 AV:
902 3646 966 3715 quia
982 3643 1110 3711 0H‚‘qui
1123 3643 1150 3698 R
1169 3644 1181 3709 tl

88 3725 194 3785 discimus
211 3733 278 3788 011.-
297 3732 458 3787 addiscimus
470 3734 558 3808 AVd,
571 3734 732 3787 addiscimur
743 3733 772 3787 R
789 3734 801 3800 11
817 3732 873 3786 illis
883 3762 916 3771 -
926 3747 1037 3801 quarum
1050 3730 1087 3783 V:
1106 3728 1149 3781 illi
1159 3758 1192 3765 —

88 3812 146 3868 cuim
164 3819 277 3874 AOHR
299 3820 312 3887 ΙΙ
334 3822 377 3872 est
397 3819 521 3888 specialis
547 3819 570 3874 0
619 3819 637 3876 6
655 3819 723 3872 dona
743 3818 849 3888 gratiae
874 3818 896 3874 0
958 3817 975 3873 7
993 3815 1142 3885 percipiant
1168 3814 1195 3867 V

95 3901 103 3964 11
115 3901 210 3959 hisdem
220 3905 313 3974 GRV,
331 3904 430 3959 eisdem
441 3904 476 3958 Η
488 3907 502 3972 ΙΙ
516 3906 634 3959 omnium
647 3905 674 3959 V
721 3905 740 3961 8
752 3905 807 3958 ista
819 3904 853 3957 ad
864 3904 891 3957 A
907 3906 919 3973 ΙΙ
929 3902 1084 3971 [habendum
1096 3899 1190 3954 deAR

95 3987 104 4050 1
122 4003 174 4043 tum
193 3993 236 4048 R.-
255 3992 319 4045 dnm
335 3991 387 4046 GV
462 3992 497 4048 11
517 3991 798 4060 digua-placentem
819 3990 909 4045 osn.A
931 3992 944 4058 11
966 3988 1054 4042 hostia
1074 4001 1123 4039 oce.
1137 3985 1196 4040 RV

127 4076 160 4132 12
177 4078 253 4131 nulla
263 4077 352 4146 magis
364 4078 390 4131 ei
401 4078 468 4133 RV:
486 4078 586 4130 nullius
598 4076 685 4145 magis
702 4076 726 4132 G
738 4079 751 4145 ss
768 4092 848 4144 quam
859 4076 887 4131 R
898 4091 966 4129 corr.
980 4090 1014 4127 eoo
1025 4072 1096 4142 quia,
1110 4087 1191 4139 quum

90 4156 135 4226 Vt
155 4179 216 4217 suae
233 4163 360 4232 imaginis
386 4164 409 4219 0
475 4162 513 4219 13
531 4162 660 4217 eiusmodi
677 4162 705 4218 R
775 4162 813 4217 14
829 4178 875 4230 per
886 4159 998 4213 miseric.
1012 4158 1062 4211 Dei
1074 4173 1122 4211 om.
1137 4157 1195 4212 RV

129 4248 161 4305 15
178 4249 313 4303 uiuentem
325 4249 392 4305 RV:
411 4250 502 4303 uiuam
519 4248 543 4305 Ο
592 4248 629 4305 17
646 4248 710 4302 dum
722 4263 884 4302 communem
896 4246 923 4299 A
939 4246 951 4312 ΙΙ
967 4260 1022 4313 pec.
1035 4242 1118 4297 habat
1131 4259 1191 4312 gra-

89 4328 141 4384 tian
154 4332 180 4387 V

948 4418 1091 4483 15*
