3050 4984
300 345 365 411 242
774 345 951 413 Appeneliu.

302 501 413 582 uulis],
436 503 535 577 quales
549 504 661 562 iuuenis
676 503 781 562 habeat
796 520 906 576 morse,
933 505 1003 578 quid
1018 504 1198 578 potissimum
1213 503 1336 577 diligat,
1360 500 1433 575 quid

303 606 439 681 accipiat,
463 623 518 680 quo
538 623 591 664 usu
612 607 708 679 uiuat,
732 623 790 681 qua
814 622 844 665 se
868 607 1071 667 consuetudine
1091 609 1188 681 regat,
1211 606 1314 680 quibus
1329 605 1432 663 utatur

303 710 439 785 dapibus,
462 708 493 768 in
513 708 617 783 quibus
638 710 788 783 praecipue
809 710 894 769 rebus
908 711 1065 771 delectetur
1079 712 1108 769 et
1122 710 1254 785 gaudeat.
1278 723 1433 783 quaecum

302 813 449 885 didicerit,
472 813 515 871 ita
529 828 559 871 se
573 812 604 871 in
625 812 755 871 omnibus
770 815 925 887 temperat,
948 815 982 871 ut
997 814 1094 889 sponsi
1107 813 1233 872 moribus
1249 829 1332 871 suum
1346 811 1431 870 obse-

302 916 415 991 quium,
439 933 492 975 sua
515 915 692 988 iucunditas,
716 933 769 975 sua
796 916 963 991 diligentia,
987 934 1039 975 sua
1064 917 1126 974 uita
1151 916 1308 975 concordet.
1332 915 1362 973 et
1387 914 1432 984 tu,
1461 934 1475 973 s

301 1037 375 1095 quae
386 1019 530 1078 Christum
546 1035 680 1093 sponsum
690 1020 788 1091 habes,
804 1020 994 1079 sdomesticis
1008 1021 1038 1080 et
1053 1019 1244 1079 familiaribus
1259 1020 1321 1077 eius
1335 1016 1435 1091 sponsi

301 1123 346 1182 tui
371 1139 463 1181 mores
488 1122 646 1196 interroga,
669 1124 699 1181 et
719 1125 835 1182 strenue
855 1139 888 1181 ac
905 1123 1036 1182 sollerter
1057 1122 1169 1197 inquire
1184 1122 1214 1181 in
1230 1122 1333 1196 quibus
1348 1136 1434 1194 prae·

303 1227 386 1300 cipue
400 1226 569 1297 delectetur,
593 1225 706 1299 qualem
721 1225 952 1300 compositionem
967 1226 997 1284 in
1011 1228 1040 1285 te
1054 1225 1179 1285 uestium
1194 1225 1312 1298 diligat,
1336 1224 1435 1282 cuius-

303 1328 379 1388 modi
393 1328 573 1401 concupiscat
586 1330 726 1387 ornatum.
750 1328 826 1388 dicat
841 1328 896 1387 tibi
916 1329 977 1387 eius
998 1328 1240 1387 familiarissimus
1254 1328 1367 1399 Petrus,
1383 1325 1437 1400 qui

304 1448 340 1491 ne
354 1430 453 1504 nuptis
468 1430 582 1505 quidem
597 1432 770 1505 corporalem
785 1432 927 1505 permittit
942 1434 1088 1504 ornatum,
1112 1432 1186 1489 siout
1200 1432 1231 1490 in
1246 1430 1368 1503 epistola
1382 1446 1437 1487 sua
1459 1440 1489 1478 1⁰

305 1534 434 1609 scripsit:
455 1522 640 1594 ‘Mulieres
661 1534 837 1593 similiter
860 1534 1046 1594 subiectae
1069 1535 1143 1593 sint
1166 1535 1242 1593 suis
1265 1533 1372 1614 uiris,
1396 1534 1438 1589 ut

305 1638 336 1696 si
369 1637 430 1711 qui
463 1654 530 1696 non
562 1638 714 1695 credunt
742 1638 865 1710 uerbo,
889 1654 950 1711 per
971 1638 1162 1697 mulierum
1185 1635 1436 1697 conuersatio-

305 1758 379 1799 nem
401 1740 479 1799 sine
501 1740 608 1799 uerbo
630 1739 844 1813 lucrifiant,
868 1741 1142 1800 considerantes
1165 1742 1200 1799 in
1222 1740 1350 1799 timore
1371 1738 1438 1797 Dei

304 1844 438 1901 castam
453 1842 764 1901 conuersationem
779 1845 951 1901 uestram:
975 1844 1188 1918 quarumsit
1210 1860 1278 1902 nou
1299 1841 1438 1901 extrin-

305 1962 408 2003 secus
436 1945 662 2019 capillatura
688 1947 750 2003 aut
778 1945 1016 2006 circumdatio
1044 1948 1124 2005 auri
1146 1950 1208 2006 aut
1229 1945 1481 2007 indumenti1⁵

305 2048 608 2107 uestimentorum
637 2048 775 2119 cultus,
811 2050 870 2107 sed
903 2050 964 2123 qui
998 2050 1194 2110 absconsus
1227 2054 1347 2112 cordis
1380 2050 1439 2111 est

305 2152 403 2209 homo
425 2150 462 2209 in
484 2151 849 2224 incorruptibilitate
871 2152 989 2226 quieti
1017 2155 1050 2212 et
1077 2155 1230 2214 modesti
1259 2156 1439 2229 spiritusr

306 2254 398 2327 quod
420 2256 475 2312 est
497 2254 533 2311 in
555 2256 750 2327 conspectu
773 2255 837 2313 Dei
860 2255 1035 2329 locuples.
1052 2257 1136 2316 Dicat
1151 2259 1180 2316 et
1195 2259 1270 2318 alius
1281 2261 1439 2333 Apostolus

305 2356 406 2414 boatus
420 2357 543 2427 Paulus,
568 2356 618 2430 qui
643 2358 679 2415 ad
706 2357 885 2417 Timotheum
907 2358 1032 2418 scribens
1047 2360 1145 2419 eadem
1160 2361 1194 2419 de
1209 2361 1336 2422 fidelium
1351 2364 1437 2422 femi-

305 2475 406 2517 narum
443 2458 595 2532 disciplina
630 2461 770 2518 testatur:
815 2460 987 2520 Mulieres
1027 2462 1209 2523 similiter
1236 2466 1272 2525 in
1311 2467 1480 2526 habitune

306 2562 433 2620 ornato
456 2578 531 2619 cum
553 2562 776 2621 uerecundia
804 2565 839 2622 et
866 2564 1069 2624 sobrietate
1091 2570 1264 2628 ornantes
1287 2587 1336 2641 sa,
1370 2588 1439 2628 non

306 2665 342 2722 in
371 2664 485 2722 tortis
518 2665 685 2724 crinibus
717 2666 779 2723 aut
812 2683 898 2724 auro
927 2670 988 2725 aut
1016 2672 1229 2744 margaritis
1252 2674 1314 2731 aut
1337 2676 1439 2733 ueste

306 2767 488 2840 pretiosa,
512 2768 572 2826 sed
594 2769 685 2841 quod
707 2768 1024 2843 decetmulieres,
1048 2774 1440 2844 promittentescasti·

306 2870 419 2927 tatem
442 2871 652 2942 perbonam
675 2873 1004 2932 conuersationem.

410 3034 454 3090 11.
474 3034 558 3089 IPet.
578 3036 605 3097 3,
632 3037 646 3091 1
666 3051 723 3105 sqq.
769 3038 815 3093 20.
835 3038 849 3091 I
867 3038 934 3093 Tim.
954 3041 981 3104 2,
1001 3041 1026 3097 9.

360 3187 465 3256 lquod
476 3189 568 3258 potios.
587 3190 614 3245 V
674 3192 776 3260 iquos
789 3193 990 3249 consuetudines
1008 3196 1034 3250 V
1101 3198 1440 3267 3inquibnsom.1i,in

307 3287 356 3326 orn.
370 3273 403 3326 Η
422 3274 436 3340 11
457 3275 677 3345 praecipueRV:
704 3278 818 3332 maxime
843 3279 866 3334 0
886 3281 899 3349 11
921 3280 1000 3336 rebus
1021 3299 1070 3337 om.
1097 3283 1123 3337 V
1142 3285 1153 3351 11
1177 3284 1439 3354 quaecumquedidi-

307 3356 444 3413 ceritRV
515 3359 641 3416 tuma
660 3362 686 3417 V
705 3364 718 3430 11
741 3365 927 3433 temperetR,
945 3366 1112 3437 obtemperat
1128 3371 1154 3424 V
1214 3372 1299 3429 5sua
1318 3371 1440 3425 iucundi-

307 3444 361 3511 tas]
382 3443 446 3497 add.
469 3446 502 3499 in
522 3445 557 3500 0:
576 3463 625 3500 sua
645 3448 755 3502 dilectio
778 3451 790 3517 11
813 3452 844 3503 tu
865 3451 933 3506 RV:
952 3455 983 3506 tu
996 3469 1098 3524 quoque
1120 3456 1143 3510 O
1194 3456 1211 3511 7
1230 3458 1341 3511 solerter
1361 3458 1440 3511 AHb

359 3529 378 3585 8
396 3529 542 3584 delectetur
555 3534 583 3585 et
598 3533 637 3600 V,
650 3533 799 3588 delectatur
818 3535 841 3591 0
868 3538 880 3605 11
905 3538 934 3591 in
945 3540 973 3592 te
985 3540 1201 3609 compositionem
1217 3543 1240 3596 Ο
1258 3545 1270 3611 11
1291 3543 1440 3597 cuiusmodi

307 3617 473 3669 -ornatum
493 3615 588 3671 ARV:
607 3634 655 3673 orn.
680 3621 703 3674 0
767 3621 805 3677 10
822 3638 855 3676 ne
875 3623 919 3677 H:
946 3640 994 3678 nec
1014 3625 1124 3682 AGRV
1146 3629 1158 3694 11
1181 3629 1343 3696 corporalem
1363 3628 1433 3683 AB:

306 3717 375 3770 corp.
390 3700 436 3755 sed
447 3700 617 3770 spiritualem
629 3704 792 3774 (spiritalem
806 3707 840 3778 G)
856 3708 908 3763 CV
924 3711 936 3778 11
957 3710 1027 3765 sicut
1039 3714 1066 3765 et
1082 3712 1108 3766 V
1168 3714 1203 3770 11
1224 3715 1333 3783 scripsit
1344 3715 1440 3771 Acie:

308 3788 403 3841 scribit
428 3788 469 3841 Vb
539 3789 576 3845 11
595 3789 652 3843 sint
663 3791 703 3845 ed.
721 3791 790 3847 Varo.
805 3799 831 3847 et
843 3795 886 3848 A:
905 3810 954 3849 cra.
972 3796 1051 3852 GRV
1070 3799 1083 3865 11
1106 3799 1161 3853 suis
1173 3800 1241 3853 uiris
1254 3800 1351 3856 ARV:
1369 3801 1439 3855 uiris

307 3874 364 3927 suis
389 3873 445 3928 GH
462 3876 475 3943 11
497 3875 529 3927 ut
548 3876 576 3929 et
596 3876 624 3929 A
700 3878 736 3934 12
755 3878 779 3931 si
800 3879 847 3947 qui
867 3880 963 3936 ARV:
990 3883 1052 3939 siG
1073 3886 1085 3953 11
1108 3886 1246 3941 mulierem
1262 3887 1439 3942 Vetlm.1i

361 3959 564 4016 131uerfficent
588 3960 615 4014 V
633 3962 646 4029 11
668 3962 712 4017 dei
731 3979 780 4017 ore.
808 3964 832 4019 0
900 3966 1130 4038 recuperaturus
1152 3972 1180 4027 R
1202 3974 1214 4039 11
1237 3972 1393 4027 indumenta
1410 3974 1439 4029 R

361 4045 398 4102 16
416 4048 459 4100 est
469 4046 555 4101 cordis
566 4046 622 4102 Ao
672 4047 709 4104 18
727 4048 797 4117 quod
809 4052 851 4103 est
867 4051 958 4108 GRV:
971 4055 1018 4123 qui
1030 4058 1071 4109 est
1083 4057 1127 4111 Ab
1190 4058 1227 4114 19
1239 4058 1333 4113 beatus
1346 4075 1394 4115 our.
1414 4060 1443 4115 V

318 4131 332 4197 11
354 4132 472 4186 scribens
488 4132 630 4202 epistolam
654 4133 766 4189 Veted.
785 4136 871 4203 Vult,
889 4138 1106 4206 qui—testatur
1126 4158 1174 4197 oen.
1189 4145 1217 4198 A
1239 4146 1251 4213 11
1274 4145 1384 4199 eandem
1402 4175 1436 4185 —-

308 4213 478 4285 disciplinam
503 4219 558 4286 011
581 4218 614 4273 de
635 4218 673 4274 R:
692 4236 740 4274 orn.
769 4220 822 4275 (W
888 4223 924 4279 21
945 4229 1069 4281 ornatum
1081 4228 1187 4296 (ornatu
1201 4231 1321 4300 coralli
1346 4234 1357 4298 11
1383 4249 1438 4286 non

309 4301 419 4355 intortis
432 4305 465 4357 H
513 4305 552 4361 22
571 4306 700 4359 ucluesto
713 4308 740 4359 A
