3050 4984
422 1115 657 1214 SVhPlOll
679 1113 881 1216 SEVERI

356 1305 939 1441 oflaourooavn

497 1530 624 1594 LIBER
646 1531 805 1596 PRIMVS

109 1669 181 1764 Res
209 1717 229 1762 a
251 1700 360 1765 mundi
388 1700 509 1766 exordio
536 1703 630 1767 sacris
649 1703 762 1768 litteris
790 1703 887 1769 e'ditas
907 1705 1042 1771 breuiter
1063 1705 1240 1773 oenatria-l

74 1821 141 1886 gere
157 1803 192 1867 et
207 1821 283 1868 oum
299 1803 494 1867 distinctione
509 1803 683 1885 temporum
701 1822 797 1886 usque
817 1805 856 1870 ad
876 1807 1012 1871 rosham
1032 1806 1213 1871 memoriam

74 1907 207 1986 carptim
224 1906 326 1970 dicere
341 1923 502 1990 aggressus
519 1924 603 1985 sum,
627 1906 736 1971 multis
751 1907 785 1971 id
799 1926 817 1972 a
831 1927 881 1972 me
896 1909 927 1973 et
941 1910 1076 1974 studiose
1090 1909 1211 1994 effiagi-

34 2083 38 2094 .
73 2008 230 2086 tentibus,
251 2009 304 2091 qui
320 2008 426 2073 diuina
439 2009 651 2091 compendiosa
664 2009 793 2075 lectione
808 2029 985 2095 cognoscere
999 2012 1210 2096 properabant,

56 2130 203 2193 equorum
220 2129 278 2196 ego
300 2112 492 2177 uoluntatem
510 2113 631 2176 secutus
645 2130 705 2177 non
720 2114 840 2194 peperci
854 2114 952 2179 labori
967 2134 1049 2194 meo,
1071 2115 1145 2198 quin
1166 2128 1240 2195 aaa

82 2234 157 2296 quae
177 2212 345 2296 permultis
359 2214 569 2279 uoluminibus
583 2215 751 2297 perscripta
768 2216 1015 2296 continebantur,
1038 2218 1156 2283 duobus
1171 2218 1211 2282 li·

80 2317 168 2381 bellis
190 2317 419 2396 concluderem,
448 2318 492 2382 ita
513 2317 658 2382 breuitati
681 2318 821 2397 studens,
844 2320 880 2383 ut
901 2338 994 2401 paene
1015 2320 1095 2384 nihil
1115 2320 1212 2404 gestis

79 2421 287 2484 subduxerim.
311 2421 415 2485 uisum
430 2421 534 2485 autem
549 2421 627 2484 mihi
642 2422 762 2485 estnon
777 2421 960 2500 absurdum,
976 2440 1046 2487 eum
1062 2441 1157 2504 usque
1171 2421 1239 2487 ad3

79 2522 190 2587 Christi
207 2542 329 2588 omcem
335 2522 612 2606 Apostolorumque
627 2524 712 2588 actus
727 2542 781 2605 per
796 2542 913 2588 sacram
927 2524 1087 2589 historiam
1102 2542 1210 2588 cueur-

47 2648 69 2686 n
77 2627 199 2706 iissem,
223 2627 319 2691 etiam
334 2629 404 2708 post
418 2627 504 2710 gesta
520 2628 688 2690 conectere:
705 2627 858 2691 excidium
874 2627 1104 2711 Hierosolymae
1119 2645 1210 2692 uera·

77 2732 234 2813 tionesque
261 2730 367 2812 populi
396 2729 562 2794 Christiani
590 2731 621 2793 ot
648 2747 719 2794 mou
746 2731 829 2812 pacis
851 2731 1003 2812 tempora,
1031 2750 1066 2796 ac
1087 2749 1209 2795 rursum

77 2835 274 2898 eeclesiarum
289 2833 445 2910 intestinis
459 2833 603 2914 pericuhs
623 2832 748 2897 turbata
769 2833 871 2898 omnia
885 2834 1052 2898 locuturus.
1075 2834 1239 2902 cetemm4

75 2938 153 3002 illud
168 2956 231 3002 non
245 2936 367 3021 pigebit
381 2935 487 3014 fateri,
509 2954 574 3013 me,
602 2935 700 3000 sicubi
715 2935 794 2999 ratio
809 2936 925 3020 exegit,
941 2937 981 3001 ad
995 2936 1210 3020 distinguenda

76 3043 216 3123 tompore
237 3039 534 3121 continuandamque
556 3039 666 3102 seriem
688 3057 780 3102 usum
802 3057 866 3102 esee
888 3038 1042 3103 historicis
1067 3038 1209 3104 mundia-

47 3144 158 3208 nhbus
180 3145 275 3225 atque
297 3162 333 3206 ex
354 3143 419 3220 his,
442 3160 518 3224 quae
541 3142 579 3206 ad
601 3142 848 3223 supplementum
870 3143 1053 3226 cognitionis
1076 3142 1208 3220 deerant,

78 3265 254 3330 usurpasse,
290 3247 326 3310 ut
351 3246 382 3309 et
406 3245 566 3327 imperitos
592 3245 730 3309 docerem
756 3246 788 3309 et
813 3245 965 3309 litteratos
990 3245 1207 3310 conuineerem.

78 3352 292 3415 uerumtamen
314 3368 348 3413 ea
370 3367 446 3431 quae
469 3348 506 3412 de
528 3348 621 3412 sacris
635 3348 846 3412 uoluminibus
861 3348 999 3412 breuiata
1014 3348 1237 3432 digessimus,5

79 3455 195 3518 nonita
217 3451 391 3536 legentibus
414 3452 518 3516 auctor
538 3451 731 3530 accesserim,
755 3452 791 3515 ut
805 3450 1027 3532 praetermissis
1041 3452 1105 3529 his,
1129 3449 1207 3514 unde

126 3655 237 3696 morum
258 3655 398 3693 enonoevs
416 3654 540 3693 svnrrmr
558 3654 660 3692 savam
677 3654 710 3692 rm
729 3653 880 3692 anemos.
906 3655 981 3697 oven
998 3654 1059 3693 msa
1076 3653 1156 3693 raom
1169 3651 1204 3690 aa

81 3741 203 3782 axonnro
218 3741 314 3781 avum
325 3741 386 3784 vsa,
403 3740 441 3778 An
459 3741 568 3779 ramnus
580 3741 657 3778 svam
673 3726 713 3792 P,
730 3726 822 3778 acerbis
834 3741 890 3793 usq.
904 3725 938 3778 ad
952 3729 1057 3795 tempus
1074 3741 1150 3778 sunm
1159 3737 1205 3774 eu·

78 3829 128 3881 per
139 3814 172 3867 ab
191 3813 297 3868 exordio
313 3811 405 3866 mundi
421 3813 533 3880 scriptia
593 3811 611 3868 3
630 3827 699 3864 ame
712 3810 832 3864 studiose
849 3812 864 3864 b
918 3811 956 3867 10
973 3813 1108 3866 conectere
1119 3809 1155 3873 P,
1173 3811 1206 3860 eet

83 3901 194 3954 cenarit
211 3897 365 3953 Giseliaae:
379 3900 531 3951 conuertere
549 3898 564 3951 b
584 3899 596 3966 ll
616 3895 803 3950 hierusolimae
816 3898 844 3950 P
901 3898 937 3954 12
956 3899 1077 3952 locuturo
1089 3894 1204 3947 Hieron.

84 3985 237 4053 Merceraa5
249 3985 345 4054 ‘magis
352 3985 488 4052 placeret,
500 3985 525 4037 ca'
536 3985 586 4037 boc
596 3984 709 4036 uerbum
719 3984 833 4050 penitas
849 3983 958 4038 deaeact'
975 3985 1015 4038 dc
1027 3985 1149 4046 Prato;
1168 3981 1202 4044 ct.

85 4075 172 4124 tamea
184 4071 210 4135 1,
229 4070 280 4134 28,
299 4071 330 4130 5:
354 4073 413 4124 erat
424 4069 577 4138 Allophylis
589 4069 671 4122 moris
682 4109 687 4121 .
699 4109 705 4121 ,
717 4068 827 4122 Samson
839 4071 916 4137 quasi
933 4071 962 4123 in
978 4081 1100 4138 pompam
1117 4064 1205 4133 publi·

87 4171 143 4209 eum
153 4157 306 4226 producere,
325 4158 402 4225 capto
414 4155 576 4210 insultantes
589 4161 615 4208 et
628 4156 656 4216 1,
677 4153 726 4218 38,
747 4154 864 4210 6Huius
882 4172 941 4209 eum
957 4154 1023 4209 facti
1040 4168 1099 4205 mox
1115 4150 1205 4220 piguit

90 4243 281 4312 paenituitque,
294 4243 400 4296 ueniam
413 4258 429 4295 a
441 4242 496 4295 Deo
507 4243 599 4310 petens
610 4247 655 4294 ete.
706 4241 743 4296 14
755 4241 899 4308 hystoricis
909 4242 936 4294 P
951 4242 963 4306 ΙΙ
980 4236 1158 4292 mundialibus
1169 4238 1203 4301 P,

93 4327 152 4380 odd.
165 4345 223 4397 sap.
237 4331 285 4383 la'a.
299 4346 385 4383 asnaa
396 4345 463 4382 saec.
479 4327 510 4380 X
515 4327 589 4381 Vvet
600 4327 632 4380 X
636 4326 680 4380 VI
687 4325 815 4391 ethnicis,
834 4332 866 4380 at
877 4333 916 4380 eet
926 4326 959 4378 ia
975 4324 1006 4391 b;
1024 4323 1056 4377 cf.
1075 4323 1106 4387 2,
1127 4324 1171 4388 14,
1185 4323 1203 4379 6

142 4413 178 4469 18
190 4418 280 4468 acutor
293 4415 320 4470 P
336 4417 348 4483 ΙΙ
364 4413 559 4483 praetermissis
571 4411 614 4465 his
626 4411 695 4465 unde
707 4413 748 4465 P:
759 4410 955 4480 praetermissis
967 4410 1025 4463 illis
1034 4410 1101 4464 unde
1116 4409 1206 4463 haecb

958 4497 1001 4561 1*
