3050 4984
769 384 946 453 Appendix.

662 587 829 655 Domini
850 597 891 657 ot
913 613 1043 675 sopra.

334 746 478 815 Quomodo
492 746 590 821 itaque
604 748 634 806 et
648 748 762 807 diuinae
777 750 855 824 loges
870 754 899 811 et
914 752 1043 826 publicae
1054 751 1137 811 fidele
1153 766 1253 823 corpus
1268 749 1297 806 ct
1313 746 1421 805 sancti-

292 845 390 906 ficatos
404 848 513 907 animos
527 866 584 909 non
599 850 771 923 permittunt
785 852 950 913 inhonestas
965 855 1095 914 exhibere
1111 852 1227 912 delicias
1242 853 1271 910 et
1285 848 1421 923 uulgares

288 950 373 1009 edere
392 951 569 1025 uoluptates,
592 953 714 1013 maxime
736 972 800 1013 cum
821 959 915 1015 castae
930 957 1088 1016 deuotionis
1103 955 1305 1030 quodammodo
1320 952 1420 1011 uidea-

292 1054 340 1111 tur
354 1053 474 1127 iniuria,
498 1055 523 1114 si
544 1056 609 1130 quis
630 1074 708 1116 sacro
724 1058 897 1131 baptismate
912 1062 1065 1119 renouatus
1080 1060 1111 1117 in
1131 1060 1255 1117 uetcrom
1269 1055 1447 1115 lasciuiams
1522 1098 1523 1101 ,

292 1159 459 1231 reuocetur,
483 1161 594 1231 oportet
617 1160 846 1221 laudabilitatem
867 1165 992 1221 uestram
1021 1162 1102 1221 bonis
1135 1161 1232 1220 fauere
1255 1157 1419 1233 propositio,

293 1261 326 1317 ut
340 1260 379 1333 is,
403 1260 452 1334 qui
467 1261 601 1321 beneficio
615 1262 668 1321 Dei
682 1263 762 1337 pium
777 1282 880 1323 munus
895 1265 1028 1338 indeptus
1043 1267 1102 1336 est,
1119 1264 1149 1322 in
1164 1263 1276 1322 foueam
1291 1262 1419 1320 theatra·
1522 1280 1523 1313 1

293 1362 349 1421 lom
364 1365 463 1423 cadero
478 1382 534 1425 non
549 1367 675 1439 cogatur.
700 1368 829 1426 nostrum
844 1369 941 1427 tamen
956 1368 1082 1427 omniurn
1097 1366 1234 1425 iudicium
1255 1382 1312 1425 non
1337 1380 1419 1423 recu·
1522 1384 1523 1419 1

292 1467 352 1538 sat,
376 1466 401 1525 si
427 1467 500 1526 alias
526 1468 685 1543 iniungatis
714 1486 853 1544 congruas
874 1488 924 1545 pro
946 1470 1115 1530 necessitate
1130 1468 1288 1529 communis
1308 1466 1420 1539 patriae
1522 1516 1523 1525 ,

292 1566 462 1630 functiones
1431 1579 1464 1618 1⁰
1522 1608 1523 1617 ,

676 2240 739 2323 VI.
766 2239 824 2323 Ad
851 2240 1039 2325 Saluium.

339 2655 365 2710 1.
389 2611 531 2710 Forensis
548 2648 635 2707 elatio
650 2648 706 2708 lori
721 2649 804 2707 debet
819 2647 1019 2707 exercitatione
1034 2647 1159 2717 feruere3
1189 2648 1321 2706 conuenit
1347 2649 1423 2707 enim

292 2753 408 2813 lacertis
423 2752 580 2812 industriae
596 2751 698 2810 cotidie
710 2750 901 2825 depugnantis
912 2752 1006 2809 motus
1021 2750 1125 2809 babere
1139 2750 1298 2811 terribiles:
1315 2754 1347 2810 at
1359 2768 1424 2811 cum

292 2874 393 2915 sonora
415 2855 549 2915 facundia
570 2854 697 2928 receptui
720 2854 824 2913 cecinit
846 2855 875 2912 et
899 2854 929 2911 in
951 2852 1042 2913 otiosa
1062 2870 1177 2912 nemora
1198 2855 1289 2929 adque
1305 2872 1424 2915 amoena

293 2958 451 3018 diuorsoria
465 2957 647 3032 semigrauit‚
664 2956 797 3016 fremitus
812 2956 913 3015 inertis
928 2959 1039 3030 oportet
1054 2957 1160 3015 abiciat
1175 2960 1204 3016 et
1220 2958 1332 3017 desinat
1347 2958 1461 3023 ines-15

292 3062 391 3121 ficacia
406 3060 545 3120 minitari.
569 3060 674 3119 scimus
688 3060 794 3119 etenim
809 3060 980 3134 palmigeros
994 3059 1106 3134 biiugos
1127 3060 1178 3119 ubi
1200 3078 1215 3119 e
1237 3060 1310 3120 circo
1331 3078 1423 3121 rocos·

292 3165 397 3238 serint,
421 3164 598 3239 quietissime
614 3163 771 3223 stabulari:
795 3163 861 3222 illos
876 3180 932 3221 non
952 3162 1027 3237 iugis
1044 3162 1178 3235 formido,
1201 3180 1259 3223 non
1274 3164 1424 3239 ambiguae

292 3270 405 3342 palmae
423 3267 596 3340 sollicitant,
620 3268 669 3327 sed
691 3267 803 3325 demum
824 3266 934 3339 pacatis
949 3265 1035 3323 adfixi
1050 3266 1234 3340 praesepibus
1248 3266 1349 3326 timere
1365 3267 1422 3325 iam

291 3371 424 3430 nesciunt
444 3372 632 3442 hortatorem,
658 3370 808 3429 seditiosae
829 3368 1017 3428 contentionis
1037 3369 1132 3427 dulcia
1155 3370 1290 3429 ducentos
1306 3370 1421 3429 obliuia.

292 3474 342 3533 sed
358 3476 387 3532 et
402 3473 553 3547 stipendiis
567 3472 771 3532 consummatis
786 3474 902 3545 tropaea
918 3472 1088 3544 suspendere
1110 3472 1191 3531 iuuet
1211 3472 1333 3532 militem
1359 3472 1422 3546 glo·
1434 3488 1461 3527 oo

293 3578 400 3635 riosum
415 3578 444 3635 et
458 3575 601 3650 patienter
616 3592 713 3650 gerere
728 3578 911 3634 senectutem.

336 3683 365 3737 2.
388 3680 431 3737 Ac
445 3679 501 3738 tibi
516 3696 566 3737 cnr
582 3678 659 3738 cordi
678 3679 716 3738 sit
731 3678 887 3737 terrificare
902 3678 1021 3737 miseros
1036 3679 1179 3749 aratores,
1202 3694 1259 3737 non
1274 3678 1360 3752 plane
1378 3679 1424 3736 in-

290 3783 407 3857 tellego,
424 3785 453 3841 ot
468 3779 606 3841 ruricolas
620 3799 697 3841 meos
712 3798 762 3840 our
777 3781 850 3839 uelis
866 3780 1049 3839 exhibitionis
1063 3796 1164 3854 urgere
1180 3779 1345 3853 formidine,
1366 3799 1424 3839 non

292 3902 429 3959 agnosco:
453 3884 536 3958 quasi
550 3901 617 3944 uero
632 3885 699 3943 illos
714 3884 838 3943 nesciam
855 3883 994 3943 consolari
1018 3886 1046 3943 et
1068 3900 1086 3941 a
1106 3899 1210 3955 pauore
1234 3885 1378 3943 retrahere
1395 3888 1424 3942 et

345 4103 471 4159 2fidilac
484 4103 512 4157 P
562 4102 642 4158 ‘dhis
655 4101 701 4170 qui
714 4102 742 4156 P
805 4101 842 4157 14
859 4100 984 4155 rectuiP
1049 4099 1085 4157 15
1103 4098 1425 4170 diuersoriasemigrauit

292 4189 333 4253 P,
351 4188 376 4242 d.
395 4188 554 4259 remigrauit
569 4188 692 4243 Gloriosa
723 4189 736 4256 11
767 4187 877 4241 insertis
895 4187 937 4251 P,
957 4186 1057 4240 inertes
1069 4183 1130 4239 edd.
1204 4185 1240 4242 19
1259 4185 1426 4241 seditioseP

240 4344 244 4351 1
346 4274 386 4331 20
402 4274 478 4329 iubet
490 4276 529 4341 P,
549 4276 625 4328 iuuat
639 4274 699 4329 cdd.
776 4273 815 4329 22
834 4289 864 4328 ac
875 4271 929 4327 tibi
940 4275 986 4326 tur
998 4272 1054 4341 (aet
1066 4270 1123 4339 cur)
1145 4270 1186 4335 P,
1206 4272 1242 4325 At
1263 4271 1317 4326 tibi
1336 4271 1424 4341 igitm·

294 4359 452 4430 d'Acbery,
470 4361 512 4416 An
523 4361 578 4416 tibi
589 4362 626 4431 ig.
639 4360 690 4415 alit
