3050 4984
292 308 335 373 96
714 301 861 371 Sulpicii
879 299 995 355 Seueri

292 465 374 529 esset
387 461 550 527 Gallorum
564 460 656 525 fides:
679 460 751 541 quia
777 462 862 536 tum,
885 455 1026 521 Ardanis
1051 470 1147 536 praua
1171 449 1212 513 de
1238 446 1328 512 nobis
1354 442 1424 507 uul-

292 566 454 651 gantibns,
478 563 613 647 suspecti
634 564 674 629 ab
694 561 904 627 Orientalibus
919 558 1109 624 habebamur
1131 554 1326 635 trionymam
1352 546 1425 612 seli-

291 670 365 735 tarii
384 670 444 733 Dei
469 668 613 733 nmenem
636 666 803 732 secundnm
825 663 994 729 sabellium
1016 658 1190 726 credidisse.
1216 653 1272 719 sed
1287 650 1426 733 exposita

291 772 352 838 fide
366 792 423 839 sua
436 773 525 836 iuxta
539 790 590 847 ea,
613 789 691 851 qnae
704 769 838 834 Nicaeae
860 769 949 832 erant
963 786 982 831 a
996 762 1137 848 patribus
1152 756 1350 838 conscripta,
1366 750 1424 816 Oc-

262 875 497 941 ecidentalibus
512 873 671 957 perhibuit
685 872 907 938 testimenium.
923 870 970 935 ita
985 866 1135 933 absolutis
1146 862 1291 928 emnium
1303 856 1423 933 animis,
1445 881 1456 921 5

292 980 375 1045 intra
390 978 608 1043 censcientiam
623 976 846 1043 communionis
866 991 922 1037 nec
944 990 1004 1037 nen
1018 970 1114 1035 etiam
1128 968 1161 1031 in
1175 964 1363 1031 societatem
1377 978 1423 1024 re-

292 1084 399 1164 ceptus
425 1081 612 1162 cencilieque
637 1080 753 1145 ascitus
780 1080 835 1143 est.
860 1076 911 1159 agi
937 1073 1046 1139 deinde
1067 1072 1226 1153 coeptum,
1250 1065 1424 1149 repertique

264 1192 406 1267 eprauae
420 1185 555 1249 haeresis
570 1185 710 1249 auctores
732 1184 826 1263 atque
848 1181 887 1245 ab
908 1178 1190 1257 ecclesiaecerpere
1205 1170 1320 1236 auulsi.
1344 1168 1378 1231 in
1392 1184 1425 1229 oo

291 1306 419 1353 numere
434 1286 519 1351 fuere
534 1286 685 1369 Georgius
700 1286 740 1349 ab
755 1283 957 1359 Alexandria,
981 1280 1128 1355 Aeetius,
1151 1273 1330 1350 Eudoxius,
1346 1270 1425 1333 Vra·

291 1391 375 1467 nius,
398 1390 562 1467 Leontius,
586 1389 789 1466 Theodosius,
812 1387 982 1470 Euagrius,
1005 1381 1190 1447 Γ1111111111.
1215 1378 1272 1443 sed
1288 1374 1425 1441 coniecta
1433 1392 1456 1431 11

292 1494 406 1577 synode
432 1494 554 1559 decreta
580 1493 619 1557 ad
644 1493 864 1573 imperatorem
890 1489 1021 1573 legatie,
1044 1484 1227 1568 quaegesta
1241 1480 1384 1545 insinuas
1400 1476 1423 1539 t.
1501 1462 1502 1537 J

291 1597 432 1661 damnati
447 1615 566 1679 queque
580 1595 620 1659 ad
634 1614 740 1678 regem
754 1594 899 1676 profecti,
923 1591 999 1657 satis
1024 1589 1098 1653 freti
1125 1586 1279 1651 socierum
1307 1579 1424 1645 uiribus
1501 1562 1502 1571 ἵ

292 1703 324 1765 11
339 1700 487 1782 principis
501 1700 657 1765 societate.

242 1800 283 1863 43
336 1803 459 1867 Interea
479 1803 599 1885 legates
621 1802 827 1867 Ariminensis
850 1799 971 1865 concilii
993 1798 1131 1879 exparte
1145 1794 1326 1857 nostrerum
1341 1805 1423 1852 corn-
1501 1772 1502 1861 J

294 1906 384 1988 pellit
396 1906 565 1988 imperator
579 1906 661 1970 uniri
675 1906 900 1971 haereticorum
914 1898 1136 1967 communioni:
1159 1895 1339 1974 eisdemque
1354 1908 1422 1954 cen·
1431 1908 1453 1947 re
1501 1958 1502 1971 ἶ

294 2010 443 2090 scriptam
458 2008 497 2072 ab
511 2009 660 2091 improbis
675 2009 769 2073 fidem
784 2008 896 2085 tradit,
920 2004 1021 2071 uerbis
1041 1999 1222 2067 fallentibus
1237 1994 1422 2068 inuolutam,

266 2117 373 2193 aquae
387 2111 571 2175 catholicam
586 2112 781 2194 disciplinam
796 2110 924 2193 perfidia
943 2109 1060 2173 latente
1082 2104 1267 2185 loqueretur.
1292 2112 1422 2177 namque

295 2215 380 2278 usiae
394 2214 524 2279 uerbum
538 2218 699 2296 tamquam
714 2216 897 2298 ambiguum
912 2215 944 2278 et
957 2214 1073 2277 temere
1095 2228 1113 2273 a
1135 2205 1278 2289 patribus
1293 2216 1423 2281 usurpa·

293 2319 379 2394 tum,
401 2336 499 2399 neque
524 2338 560 2382 111
585 2319 770 2384 auctoritate
796 2318 1019 2399 scripturarum
1033 2311 1221 2397 prefectum,
1245 2306 1304 2372 sub
1325 2300 1422 2385 specie

294 2419 392 2485 falsae
417 2421 546 2486 rationis
569 2421 726 2498 abolebat,
748 2440 787 2485 ne
812 2421 904 2484 unius
929 2437 1000 2482 cum
1025 2418 1113 2498 patro
1133 2410 1328 2479 substantiae
1342 2404 1453 2469 filiusae

296 2524 477 2589 crederetur.
502 2526 609 2589 eadem
623 2525 699 2589 fides
714 2524 851 2589 similem
865 2522 947 2605 patri
961 2521 1063 2584 filium
1077 2518 1245 2583 fatebatur.
1270 2511 1324 2579 sed
1345 2509 1422 2573 intc-

295 2628 360 2696 rius
386 2627 492 2693 aderat
517 2628 602 2692 fraus
628 2630 754 2710 parata,
778 2630 814 2691 ut
840 2628 920 2691 esset
945 2623 1076 2700 similis,
1098 2641 1159 2686 non
1173 2620 1257 2684 esset
1278 2609 1421 2695 aequalis.

237 2780 242 2790 1
267 2730 342 2796 sita
356 2730 493 2795 dimissis
518 2732 631 2815 legatis
657 2730 811 2814 praefecto
836 2729 1034 2804 mandatum,
1057 2728 1093 2791 ut
1108 2723 1260 2809 synodum
1273 2738 1335 2784 nen
1354 2712 1422 2779 ante

296 2833 430 2911 laxaret,
446 2853 540 2916 quam
555 2834 744 2917 conscriptae
757 2833 829 2899 fidei
845 2832 1014 2898 consentire
1029 2849 1061 2895 se
1073 2847 1177 2895 omnes
1188 2815 1421 2904 subscriptioni·

296 2936 354 3001 bus
369 2936 601 3019 profiterentur:
625 2957 661 3002 ae
677 2938 703 3002 si
718 2938 773 3019 qui
787 2936 973 3020 pertinacius
988 2932 1186 3007 obsisterent,
1209 2923 1377 2993 dummodo
1395 2918 1452 2981 1111

267 3048 441 3105 enumeres
455 3041 539 3105 intra
553 3040 729 3122 quindecim
742 3044 839 3118 esset,
868 3041 900 3104 in
926 3038 1053 3103 exilium
1077 3035 1273 3117 pellerentur.
1298 3025 1351 3093 sed
1375 3039 1421 3085 re-

295 3144 409 3225 gressis
430 3144 558 3227 legatis,
595 3143 670 3208 licet
690 3143 757 3210 uim
780 3144 898 3227 regiam
920 3139 1168 3224 deprecantibus
1204 3136 1319 3219 negata
1340 3144 1421 3193 cem-

296 3246 411 3310 munio.
434 3248 590 3312 enimuero
612 3248 778 3330 compertis
802 3265 879 3327 quae
901 3246 1023 3309 decreta
1044 3244 1132 3307 erant
1152 3240 1251 3304 maior
1273 3252 1375 3301 rernm
1389 3230 1420 3293 et

297 3348 493 3413 consiliorum
528 3351 742 3433 perturbatio:
781 3350 851 3414 dein
885 3348 1038 3432 paulatim
1071 3344 1208 3428 plerique
1236 3341 1419 3409 nostrerum,

296 3451 413 3532 partim
448 3453 664 3519 imbecillitate
705 3454 841 3537 ingenii,
884 3452 999 3536 partim
1034 3448 1136 3513 taedio
1170 3436 1419 3528 peregrinationis
1429 3451 1451 3491 ³⁰

297 3554 402 3633 euicti,
432 3554 541 3620 dedere
564 3576 596 3621 se
618 3558 819 3635 aduersariis,
842 3557 906 3621 iam
928 3556 998 3638 pest
1020 3552 1155 3617 reditum
1176 3549 1350 3631 legatorum
1371 3558 1420 3604 su·

296 3658 468 3739 perioribus
491 3662 523 3723 et
537 3660 697 3725 ecclesiam
722 3661 836 3725 nestris
862 3659 933 3723 inde
953 3656 1086 3722 detrusis
1107 3650 1330 3737 optinentibus:
1358 3642 1419 3707 fac-

297 3761 391 3843 taque
413 3762 509 3827 semel
529 3762 725 3827 inclinatione
747 3764 921 3828 animorum
943 3758 1127 3825 cateruatim
1147 3757 1179 3821 in
1202 3755 1322 3837 partem
1344 3747 1419 3813 alte-

352 4005 525 4090 2trieriymd
548 4021 575 4074 P
660 4022 679 4075 4
705 4020 780 4073 nicea
807 4021 834 4073 P
931 4016 1104 4076 babsolutus
1136 4012 1162 4067 J.
1198 4014 1224 4066 Ο.
1256 4004 1419 4074 Hefmetster

350 4106 367 4161 7
386 4107 563 4176 conscilioque
575 4107 616 4175 P;
635 4124 668 4161 ex
680 4105 862 4174 consilioque?
925 4103 964 4160 10
979 4101 1126 4157 Leontinus
1143 4097 1300 4153 Gelasimus
1322 4094 1334 4160 tt
1358 4102 1418 4143 111·

299 4191 374 4258 grius
391 4193 529 4249 theodolus
546 4196 575 4249 P
631 4198 667 4252 11
686 4195 842 4263 insynuaret
860 4192 886 4245 P
948 4184 1190 4245 lacessentis)
1249 4185 1286 4243 15
1303 4174 1373 4234 uniri
1390 4172 1417 4225 b:

299 4277 415 4334 unireP
436 4283 448 4347 Η
471 4285 619 4351 conscripta
637 4284 664 4337 P
716 4281 753 4337 16
771 4277 970 4333 fallentibusP
1022 4275 1060 4333 25
1077 4270 1278 4343 pertinatinsP
