3050 4984
639 363 710 433 Cep.
730 363 827 419 8-11.
1244 362 1284 426 91

162 520 311 600 sinemo,
328 540 382 585 our
396 539 467 585 cum
483 521 636 603 superiore
651 519 810 585 certabat?
824 518 877 583 sed
893 518 923 583 et
935 516 1032 582 alium
1043 517 1135 583 audio
1146 537 1217 583 cum
1223 516 1314 582 Ver

162 644 234 690 nere
249 624 409 708 coniugale
423 623 566 689 habuisse
581 622 783 688 consortium:
799 620 965 699 Vulcanus,
985 620 1046 688 nisi
1061 620 1167 700 fallor,
1183 621 1222 686 ab
1236 620 1286 685 his

162 727 290 792 deorum
310 726 480 792 cultoribus
501 727 633 792 maritus
649 726 777 791 Veneris
805 743 868 789 esse
888 725 1075 807 perhibetur.
1099 741 1116 787 o
1137 742 1287 789 uanorum

161 832 323 896 hominum
338 830 466 896 ridenda
480 829 650 913 persuasio!
666 829 747 894 inter
758 827 833 893 duos
844 827 972 892 maritos
984 827 1106 892 adulter
1116 826 1235 910 positus
1246 827 1285 892 ab

120 951 133 990 ⁵
160 952 220 1000 uno
236 934 370 1015 capitur,
399 934 531 998 alterum
545 933 652 997 uincit.
676 932 730 997 sed
745 931 833 997 uide:
859 931 896 995 ut
910 931 1032 997 adulter
1046 931 1121 996 deus
1135 931 1285 996 meritum

160 1036 313 1115 uinceret,
336 1035 417 1118 quod
431 1035 491 1099 sibi
507 1053 615 1117 corpus
630 1034 739 1119 elegit!
762 1052 871 1116 porcus
886 1052 951 1098 esse
965 1034 1095 1099 maluit:
1119 1033 1211 1116 quisi
1227 1034 1284 1099 ha·

158 1139 252 1205 bebat
266 1139 410 1204 mutandi
425 1139 558 1221 corporis
572 1139 772 1221 potestatem,
795 1138 892 1204 leonis
908 1138 1014 1203 debuit
1029 1138 1131 1221 potius
1151 1138 1284 1220 speciem

157 1242 351 1325 formamque
365 1242 527 1324 suscipere.
549 1242 553 1325 Ι
572 1241 626 1306 sed
640 1242 760 1307 leonem
774 1240 881 1306 dicunt
895 1241 948 1323 qui
963 1242 1088 1307 naturas
1100 1241 1282 1306 animalium
1291 1262 1330 1303 ru
1349 1264 1397 1309 ros.

158 1349 271 1412 norunt
285 1348 319 1412 in
333 1346 391 1411 illa
406 1346 536 1431 agrestis
551 1346 647 1411 animi
661 1346 784 1411 feritate
797 1346 964 1427 pudicitiae
985 1364 1106 1410 seruare
1120 1344 1281 1411 uirtutem.

122 1452 269 1519 romerito
285 1450 324 1517 ab
340 1451 479 1516 adultero
494 1451 591 1516 leonis
612 1451 767 1535 spernitur
786 1450 885 1515 forma
904 1451 936 1515 et
957 1449 1115 1515 libidinosi
1140 1450 1284 1515 animalis

158 1554 296 1638 eligitur.

201 1658 262 1723 Hic
277 1658 342 1722 iam
357 1656 549 1741 euangelicae
564 1656 738 1722 traditionis
758 1657 875 1723 secreta
894 1657 1071 1721 tractemus.
1095 1655 1191 1721 eiecto
1212 1658 1313 1722 dae-3

157 1760 260 1825 monio
281 1760 424 1824 dominus
444 1777 605 1841 porcorum
625 1778 751 1845 gregem
766 1760 876 1838 donat,
898 1778 953 1824 nec
973 1759 1131 1824 inmerito:
1156 1760 1192 1824 ut
1213 1778 1284 1824 cum

156 1862 332 1928 libidinosis
357 1862 542 1928 animalibus
567 1862 723 1945 perdura
749 1863 932 1946 praecipitia
956 1863 1127 1945 fluctusque
1153 1862 1284 1928 iactatus

120 1985 212 2048 uper
230 1968 346 2031 mortes
366 1982 527 2048 porcorum
546 1966 649 2031 uarias
669 1966 764 2050 digna
784 1985 856 2031 nece
876 1966 1042 2031 inmundus
1068 1966 1195 2048 spiritus
1217 1984 1283 2030 car-

156 2070 290 2151 peretur.
319 2068 408 2134 audic
424 2068 569 2152 Cinyram
589 2067 736 2152 cyprium
756 2069 910 2153 templum
926 2069 1044 2136 amicae
1058 2070 1213 2135 meretrici
1229 2070 1283 2135 do·
1300 2068 1338 2131 lo

155 2189 246 2236 nasse
257 2209 299 2217 —
311 2172 339 2236 ei
362 2173 428 2237 erat
443 2171 546 2237 Venus
561 2189 672 2237 nomen
683 2209 735 2250 -,
753 2172 893 2237 initiasse
913 2172 1008 2236 etiam
1028 2170 1157 2255 Cypriae
1171 2172 1284 2238 Veneri

155 2274 307 2357 plurimos
329 2274 359 2339 61
379 2275 466 2338 66616
487 2274 762 2339 consecrationibus
778 2276 956 2357 deputasse,
979 2275 1125 2340 statuisse
1139 2274 1234 2339 etiam
1249 2276 1284 2340 ut

156 2377 343 2460 quicumque
357 2377 474 2442 initiari
489 2377 584 2442 uellet
598 2378 714 2442 secreto
724 2375 853 2442 Veneris
868 2378 929 2443 sibi
944 2378 1059 2443 tradito
1074 2396 1176 2443 assem
1186 2397 1283 2442 unum

120 2495 147 2535 2⁰
155 2479 305 2545 mercedis
316 2480 438 2545 nornine
449 2481 522 2545 deae
537 2481 632 2545 daret.
650 2482 730 2563 quod
745 2483 896 2547 secretum
911 2483 1002 2564 quale
1017 2481 1059 2547 sit
1073 2498 1179 2545 omnes
1194 2481 1284 2545 taciti

155 2583 336 2667 intellegere
351 2584 511 2662 debemus,
528 2584 600 2665 quia
613 2584 671 2660 hoc
684 2585 788 2667 ipsum
803 2586 927 2667 propter
941 2584 1166 2667 turpitudinem
1181 2584 1283 2648 mani·

154 2686 265 2751 festius
281 2686 432 2769 explicare
445 2704 507 2751 non
520 2704 692 2771 possumus.
718 2686 792 2752 bene
812 2690 932 2752 ametor
951 2686 1078 2771 Cinyras
1098 2686 1283 2752 meretriciis

153 2788 277 2873 legibus
305 2789 428 2854 seruiit:
459 2791 649 2855 consecratae
664 2788 778 2856 Veneri
804 2810 823 2855 6
847 2791 1054 2856 sacerdotibus
1080 2790 1144 2855 suis
1170 2790 1282 2872 stipem

153 2892 224 2957 dari
237 2891 330 2956 iussit
343 2893 379 2957 61
395 2893 502 2957 scorto.
527 2891 688 2958 Sebazium
703 2894 835 2962 colentes
850 2894 957 2961 Iouem
971 2909 1118 2978 anguem,
1134 2913 1206 2959 cum
1220 2894 1281 2958 ini-

116 2995 251 3073 6611661,
275 3014 329 3077 per
344 2994 446 3059 sinum
462 2996 593 3060 ducunt:
617 2996 716 3061 adhuc
729 2997 824 3078 primi
839 2998 948 3062 erroris
962 2998 1041 3062 uitia
1056 2999 1236 3081 grassantur
1250 2998 1282 3061 et

153 3097 302 3181 quicquid
312 3097 451 3163 homines
462 3098 598 3181 perdidit
610 3100 722 3163 colitur
736 3101 768 3163 et
782 3099 898 3165 funesti
912 3100 1021 3185 anguis
1036 3100 1148 3165 callida
1162 3118 1198 3165 ao
1212 3119 1280 3164 ma·

150 3200 258 3264 neree
272 3199 438 3265 6666666
452 3201 604 3266 adoratu.
628 3202 662 3267 m
682 3202 777 3267 saeris
792 3200 998 3286 consanum
1013 3186 1212 3286 parricidium
1228 3221 1278 3268 6-
1295 3199 1329 3261 u

152 3302 245 3368 litur:
261 3322 335 3367 nam
349 3322 428 3367 unus
444 3302 537 3368 frater
552 3323 571 3368 a
585 3304 704 3370 duobus
719 3305 924 3387 interemptus
939 3308 987 3371 est
1002 3307 1034 3371 et
1047 3326 1086 3371 ne
1100 3306 1181 3389 quod
1195 3306 1278 3371 indi·

152 3405 238 3470 cium
251 3424 356 3471 necem
371 3404 524 3473 fraternae
538 3408 648 3473 mortis
663 3408 804 3490 aperiret,
820 3409 877 3474 sub
888 3409 1042 3474 radicibus
1054 3408 1178 3493 Olympi
1188 3428 1278 3475 mon-

114 3508 195 3575 66116
217 3528 236 3573 6
255 3508 416 3591 parricidis
439 3498 586 3575 fratribus
610 3513 811 3577 consecratur.
833 3512 915 3576 hunc
929 3512 1060 3578 eundem
1074 3512 1278 3577 Macedonum
1339 3525 1342 3531 ’

151 3610 227 3675 66111
242 3612 340 3677 616116
354 3612 525 3694 persuasio:
540 3613 591 3677 hic
605 3614 652 3678 est
667 3612 805 3694 Cabirus,
821 3616 870 3680 oui
882 3615 1164 3681 Thessalonicenses
1179 3632 1277 3697 quon-

204 3814 344 3871 laliudo
390 3814 571 3871 81eonnmP
616 3817 649 3870 13
665 3832 746 3886 grege
759 3818 787 3871 P
833 3817 995 3884 18666166
1042 3819 1078 3876 19
1096 3836 1276 3875 assemanum

155 3900 309 3957 Wooocrrrs:
322 3916 380 3955 asse
392 3907 474 3955 666661
486 3902 536 3971 (616
543 3904 640 3971 potius
651 3920 733 3971 qaam
745 3906 837 3974 manu)
848 3904 884 3973 P,
897 3921 964 3970 asse,
976 3921 1085 3959 manum
1096 3922 1115 3959 6
1166 3906 1202 3963 23
1220 3924 1274 3961 ser·

150 3986 195 4041 uit
212 3988 269 4053 Ρ6,
289 4004 336 4043 cra.
350 3988 477 4043 Barsine
541 3988 580 4045 24
597 3989 709 4043 initiant
726 3990 766 4043 P:
785 3989 929 4045 initiantur
941 4008 971 4055 6,
989 3991 1132 4046 1666616666
1143 4008 1183 4046 66
1194 3999 1273 4059 recte,

150 4073 187 4140 ef.
206 4072 285 4129 clem
303 4074 382 4127 Alco.
401 4074 539 4142 Protrepr.
559 4092 580 4129 c.
594 4078 628 4129 2.-
643 4079 780 4145 Σεβαζίου
797 4078 867 4147 γοῦν
882 4081 1044 4147 μυστηρίων
1056 4072 1199 4148 σύμβολον
1216 4085 1276 4139 τοῖς

147 4160 347 4231 μυουμένοιςὸ
365 4159 411 4213 deci
429 4156 541 4217 κόλπων
556 4157 631 4223 θεός·
650 4158 760 4232 δράκων
781 4164 816 4217 δέ
833 4164 908 4218 ἔστιν
929 4152 1009 4224 οὗτος
1029 4160 1205 4235 διελκόμενος
1224 4168 1276 4219 τοῦ

147 4241 255 4299 κόλπου
267 4248 321 4301 τῶν
332 4250 506 4318 τελουμένων
551 4247 590 4305 26
608 4248 773 4303 hominema
818 4248 857 4305 30
874 4249 1025 4318 parricidiis
1038 4250 1066 4304 P
1110 4250 1144 4307 31
1163 4250 1275 4320 gebirus

146 4333 207 4401 Ρ6,
227 4350 275 4388 cm.
293 4334 433 4389 Wowerus
