3050 4984
458 366 621 438 Dialogus
637 370 661 438 1,
679 386 700 423 e.
719 368 800 426 4-6.
1145 370 1205 435 157

69 520 210 583 testatus
226 538 314 600 sum,
337 521 420 587 Galli
434 542 549 589 sumus.
572 524 625 589 sed
648 527 758 609 pergat
783 524 834 589 hio
858 522 961 607 potius
987 524 1137 608 explicare
1158 523 1206 591 sui

70 621 260 706 Cyrenensis
275 626 447 691 historiam.

109 728 305 806 Enimuero,
328 730 547 795 Postumianus
568 731 658 814 [ait],
681 732 793 797 cauebo
808 731 934 813 posthac
949 731 1130 814 cuiusquam
1151 732 1236 802 alr-5

68 831 261 897 stinentiam
276 832 466 914 praedicare,
487 852 526 899 ne
539 832 644 899 Gallos
658 837 778 899 nostros
793 835 923 901 arduum
937 834 1059 917 penitus
1073 834 1206 900 offendat

51 934 264 1015 sexemplum
288 937 458 1000 statueram
484 938 589 1001 autem
613 937 710 1003 etiam
736 956 841 1003 cenam
861 936 1040 1020 Cyrenensis
1055 936 1140 1001 illius
1155 936 1234 1001 uela

67 1037 296 1118 consequentia
307 1074 348 1083 —
359 1040 477 1119 septem
492 1040 573 1103 enim
588 1039 696 1105 diebus
710 1041 791 1122 apud
801 1040 903 1121 ipsum
915 1039 1031 1105 fuimus
1043 1076 1083 1085 -
1095 1038 1205 1105 referre

67 1139 236 1204 conuiuia:
261 1140 315 1204 sed
329 1143 585 1223 supersedendum
599 1145 662 1222 est,
683 1162 721 1208 ne
735 1162 767 1207 se
782 1142 891 1209 Gallus
906 1143 1048 1209 aestimet
1069 1141 1203 1227 fatigari.

67 1244 213 1307 ceterum
228 1244 349 1324 postero
364 1243 429 1321 die,
452 1263 524 1309 cum
538 1245 635 1328 aliqui
649 1265 685 1309 er
699 1245 807 1311 incolis
821 1246 861 1310 ad
875 1264 929 1311 nos
946 1245 1116 1328 [uisendos]
1133 1262 1233 1320 con-s

66 1345 163 1410 fluere
180 1346 371 1427 coepissent,
394 1348 603 1430 cognoscimus
617 1348 709 1414 illum
722 1348 876 1430 hospitem
889 1349 1030 1413 nostrum
1044 1366 1108 1413 esse
1119 1366 1205 1430 pres·

43 1448 237 1532 sbyterum,
261 1449 343 1530 quod
357 1468 478 1515 summa
491 1468 546 1515 nos
560 1451 804 1517 dissimulatione
824 1451 981 1517 celauerat.
1012 1450 1120 1515 deinde
1135 1462 1233 1518 eumd

66 1552 132 1634 ipso
149 1552 193 1616 ad
211 1552 373 1617 ecolmiam
387 1554 603 1634 processimus,
627 1572 703 1636 quae
725 1554 787 1619 fere
811 1554 928 1619 duobus
948 1553 1075 1619 milibus
1090 1553 1203 1629 aberat,

67 1655 276 1737 aoonspeotn
288 1656 391 1719 nostro
407 1656 570 1721 interiectu
583 1658 698 1721 montis
723 1657 852 1722 exclusa.
876 1659 941 1721 eret
962 1658 1077 1721 eutem.
1087 1655 1204 1719 uilibus

68 1761 154 1824 texta
167 1758 339 1841 uirgultis
361 1777 422 1823 non
442 1759 541 1824 multo
561 1760 753 1825 ambitiosior
773 1779 866 1842 quam
881 1759 984 1835 Jnostri
1003 1758 1133 1841 hospitis
1154 1760 1204 1823 ta·

67 1861 294 1939 bernaculum,
316 1862 349 1925 in
374 1880 433 1943 quo
458 1862 519 1927 nisi
541 1864 687 1927 incuruus
710 1880 771 1928 non
791 1864 911 1945 poterat
934 1862 1104 1927 consistere.
1134 1878 1232 1934 cums

39 1965 238 2029 abominum
269 1982 367 2029 mores
395 1983 621 2046 quaereremus,
664 1966 744 2031 illud
780 1965 969 2047 praeclarum
1004 1964 1225 2041 aduertimus„

67 2068 145 2132 nihil
156 2086 215 2131 eos
227 2085 326 2148 neque
337 2086 435 2131 emere
445 2085 542 2150 neque
556 2069 692 2135 uendere.
709 2069 784 2151 quid
799 2069 842 2133 sit
856 2068 940 2135 fraus
952 2071 1007 2135 aut
1020 2067 1139 2133 furtum
1150 2086 1203 2132 ne-

68 2171 180 2235 sciunt.
209 2188 323 2233 aurum
337 2187 409 2233 uero
424 2170 522 2253 adque
536 2173 713 2255 argentum,
728 2190 806 2253 quae
820 2172 921 2254 prima
934 2171 1079 2237 mortales
1091 2170 1203 2251 putant

68 2292 144 2351 esse,
169 2290 278 2354 neque
292 2272 405 2337 babent
418 2292 515 2355 neque
528 2274 638 2338 habere
653 2274 790 2355 cupiunt.
813 2294 885 2339 nam
907 2292 977 2339 cum
999 2290 1054 2356 ego
1075 2272 1230 2354 presby-6

68 2379 129 2441 tero
143 2376 202 2440 illi
218 2376 326 2441 decom
339 2394 481 2441 mnnmos
496 2395 602 2441 aureos
622 2377 817 2455 obtulissem,
847 2375 979 2459 refugit,
1002 2374 1110 2441 altiore
1130 2391 1201 2439 con-

44 2481 134 2543 ssilio
148 2479 364 2562 protestatus,
387 2479 546 2544 eeclesiam
565 2498 639 2544 auro
658 2498 719 2545 non
737 2479 863 2557 instrui,
887 2479 939 2544 sed
958 2478 1060 2561 potius
1075 2476 1201 2541 destrui.

69 2582 308 2666 aliquantulum
322 2582 350 2645 ei
364 2582 618 2647 uestimentorum
632 2582 826 2648 indulsimus.

107 2685 206 2765 Quod
221 2703 295 2748 oum
309 2685 362 2747 dle
375 2685 505 2768 benigne
519 2686 696 2767 accepisset,
716 2686 928 2751 reuocantibus
943 2685 982 2749 ad
997 2702 1080 2749 mare
1094 2682 1229 2759 nautiss

70 2788 289 2865 discessimus,
315 2806 515 2870 prosperoque
530 2807 619 2854 eursu
638 2789 769 2871 septimo
794 2790 843 2853 die
860 2788 1077 2854 Alexandriam
1091 2805 1198 2870 perue-

69 2893 190 2970 nimus,
220 2891 279 2954 ubi
292 2891 379 2956 foeda
392 2892 472 2955 inter
485 2891 639 2973 episcopos
650 2892 747 2973 adque
758 2892 920 2957 monachos
931 2890 1097 2957 certamina
1113 2908 1200 2973 gere·

47 2996 182 3060 rebantur
200 3013 238 3058 ex
255 3012 290 3057 ea
304 2994 456 3059 occasione
467 2994 517 3059 uel
528 3012 633 3072 eausa,
648 2994 721 3076 quia
734 2994 911 3078 congregati
924 2994 1066 3059 inunum
1081 2993 1201 3075 saepius

69 3099 246 3164 sacerdotes
273 3095 481 3178 frequentibus
506 3096 675 3161 decreuisse
700 3096 823 3180 synodis
849 3096 1046 3174 uidebantur,
1069 3114 1106 3161 ne
1132 3096 1202 3177 quis

71 3200 217 3286 Origenis
244 3198 339 3263 libros
359 3199 474 3282 legeret
499 3200 554 3265 aut
577 3200 717 3277 haberet,
740 3200 794 3282 qui
813 3200 962 3265 tractator
982 3199 1202 3281 scripturarum

71 3322 233 3369 sacrarum
248 3301 454 3383 peritissimus
468 3301 645 3367 habebatur.
668 3302 721 3367 sed
745 3302 878 3384 episcopi
893 3302 1042 3383 quaedam
1062 3302 1094 3367 in
1113 3302 1233 3367 librisa

72 3407 155 3471 illius
185 3404 327 3470 insanius
347 3405 461 3487 scripta
480 3406 705 3483 memorabant,
728 3424 804 3487 quae
819 3405 986 3470 adsertores
1008 3405 1073 3469 eius
1098 3405 1202 3470 defen-

120 3646 141 3703 3
160 3644 207 3699 ait
227 3659 279 3697 ora.
300 3643 393 3713 FQV,
418 3644 508 3713 inquit
527 3644 556 3699 A
576 3645 684 3713 (canabo
704 3644 794 3714 inquit
813 3645 843 3699 F
860 3660 893 3698 m.
916 3645 946 3714 2)
1026 3644 1046 3699 4
1063 3644 1152 3712 gallus
1177 3642 1203 3696 V

121 3731 261 3791 bautem
272 3744 321 3784 om.
337 3730 364 3784 V
388 3732 401 3798 ΙΙ
428 3730 492 3785 illus
508 3731 534 3785 V
594 3730 842 3799 lgallusseAFo
915 3729 1133 3786 8uisendosom.
1147 3727 1204 3781 BV

125 3817 166 3873 14
185 3815 315 3868 incursus
349 3816 382 3870 V:
409 3816 534 3870 incuruus
563 3816 623 3884 quis
651 3816 723 3870 Adra
809 3816 846 3874 15
864 3815 1101 3871 animaduertimus
1130 3813 1201 3869 dor

125 3902 165 3959 16
186 3916 276 3955 emere
296 3900 340 3953 uel
359 3900 471 3955 uendere
495 3901 521 3955 V
596 3902 632 3958 17
650 3918 711 3956 uero
723 3902 853 3956 astutam
861 3894 924 3969 poet
941 3918 997 3955 esse
1013 3901 1047 3954 V:
1066 3916 1115 3953 om.
1130 3899 1200 3953 Am

126 3988 167 4045 18
187 3986 292 4039 habent
311 3988 358 4039 sut
378 3986 473 4041 habere
497 3987 524 4041 V
599 3988 634 4045 19
652 3988 781 4041 refutauit
801 3987 841 4043 ed.
863 3987 1005 4057 Roscoeyda'
1027 3988 1038 4054 ΙΙ
1062 3984 1152 4039 altiori
1173 3985 1200 4038 A

125 4078 169 4135 20
187 4063 292 4127 instrui
303 4072 459 4143 Bursao
474 4073 611 4142 Vistrui):
630 4074 698 4127 strui
709 4074 781 4128 AFo
797 4076 808 4142 ΙΙ
825 4074 922 4129 distrui
938 4074 965 4129 V
1023 4071 1060 4128 21
1080 4070 1200 4138 aliquan-

78 4166 162 4220 tolum
178 4164 214 4227 V,
226 4159 430 4229 aliquantumA
437 4176 483 4227 pr.
491 4177 525 4214 ra.
586 4160 624 4217 22
636 4159 821 4214 reuocantibus
833 4176 879 4213 nos
891 4160 963 4213 AFo
1016 4158 1054 4216 25
1067 4156 1110 4209 uel
1121 4171 1201 4209 causa

79 4246 266 4317 ABFMQV:
278 4260 356 4298 orac
371 4247 383 4313 ΙΙ
399 4260 452 4313 qua
464 4245 490 4295 V
532 4244 570 4301 27
583 4245 673 4313 script.
685 4261 819 4299 sacrarum
829 4246 894 4299 FV:
907 4244 995 4313 script.
1010 4244 1159 4297 sanctarum
1165 4241 1200 4306 A,

81 4330 349 4399 summaeripae
400 4330 437 4387 29
455 4331 529 4383 illius
546 4331 579 4385 V:
597 4332 682 4399 ipsius
693 4331 764 4385 AFe
786 4334 798 4399 ll
821 4330 966 4384 adsertores
977 4329 1052 4382 illius
1068 4328 1095 4381 V
