3050 4984
526 363 640 418 (ihren.
659 364 695 426 ll,
715 363 796 418 4—·6.
1185 366 1225 430 61

84 518 144 580 est.
162 515 219 582 hic
234 517 307 598 post
321 517 490 595 deuictum,
503 522 540 584 ut
555 537 648 601 supra
662 519 806 595 diximus,
819 517 1009 595 Sedeehiam,
1021 538 1112 600 quem
1127 519 1259 601 capti-o

83 639 167 684 uum
192 619 388 702 Babylonem
410 621 587 699 transtulit,
617 639 760 704 regnasse
781 621 917 686 traditur
939 639 1032 686 annos
1054 640 1092 687 vr
1114 623 1146 686 et
1167 639 1227 700 xrs,

83 739 287 804 quamquam
302 723 335 786 id
349 741 409 787 nou
425 723 458 787 in
473 742 560 790 saera
573 723 704 789 historia
718 724 870 807 scriptum
884 723 1064 788 inuenerim.
1080 725 1134 789 sed
1147 723 1258 792 fortes

84 825 224 902 accidit,
250 828 286 889 ut
301 827 376 890 dum
390 826 493 891 multa
508 825 691 904 euoluerem,
715 827 944 891 annotationem
958 826 1037 891 hano
1052 826 1116 891 iam
1131 826 1228 892 iuter·

61 929 199 1012 ⁵polato
214 948 272 1011 per
286 930 421 995 aetatem
436 929 541 994 libello
556 930 622 994 sine
637 930 772 996 auctoris
786 930 909 995 nomine
922 929 1098 1012 reperirem,
1121 929 1155 994 in
1168 948 1228 1012 quo

84 1051 204 1115 regum
211 1031 455 1114 Babyloniorum
463 1034 602 1116 tempora
610 1033 859 1098 continebantur:
874 1051 968 1115 quam
975 1033 1228 1115 praetereundam

83 1151 150 1200 non
165 1135 299 1220 putaui,
321 1135 474 1216 siquidem
489 1137 521 1200 et
536 1134 693 1200 Chronicis
708 1135 909 1211 consentiret,
931 1138 964 1200 et
977 1135 1025 1200 ita
1038 1134 1125 1200 illius
1138 1135 1228 1199 nobis

86 1238 173 1302 ratio
189 1238 368 1318 quadraret,
384 1239 422 1302 ut
436 1257 490 1320 per
505 1239 643 1303 ordinem
656 1257 777 1321 regum,
792 1255 923 1319 quorum
937 1240 1077 1321 tempora
1091 1238 1228 1303 contine·

87 1341 162 1418 bat,
186 1358 287 1422 usque
301 1341 334 1404 iu
348 1340 486 1422 primum
500 1340 572 1424 (tyri
587 1341 668 1424 regis
684 1359 814 1418 annum,
829 1359 902 1404 nxx
917 1359 1011 1406 annos
1026 1377 1067 1388 —-
1082 1342 1131 1406 tot
1145 1341 1228 1406 enim

52 1463 145 1526 ruper
160 1462 288 1508 sacram
302 1443 465 1508 historiam
488 1463 506 1508 a
528 1444 713 1526 captiuitate
727 1463 824 1525 usque
844 1445 884 1508 ad
898 1442 1012 1527 (tyrum
1033 1443 1129 1508 fuisse
1148 1443 1228 1508 refe-

89 1548 207 1611 runtur
223 1583 266 1591 -
282 1545 434 1628 impleret.

132 1649 216 1712 Post
242 1647 520 1714 Nabuchodonosor
545 1649 629 1714 filius
655 1650 721 1715 eius
747 1669 877 1733 regnum
897 1649 1056 1732 indeptus,
1089 1668 1181 1731 quem
1195 1650 1260 1726 int

92 1750 256 1816 curemus
276 1751 495 1816 Euilmarodac
514 1751 610 1817 fuisse
632 1752 805 1818 uocitatum
825 1753 953 1835 repperi.
976 1752 1029 1816 hic
1048 1752 1228 1816 duodecimo

91 1853 221 1937 imperii
243 1872 321 1918 anno
342 1853 426 1918 diem
446 1853 584 1932 functus,
607 1854 699 1920 fratri
719 1855 847 1932 minori,
869 1855 923 1937 qui
942 1854 1109 1920 Balthasar
1126 1854 1229 1919 dictus

58 1981 81 2020 1
91 1959 149 2036 est,
167 1957 275 2022 locum
289 1955 373 2022 fecit.
395 1956 423 2020 is
444 1977 515 2022 oum
530 1960 639 2038 quarto
655 1960 687 2022 et
701 1958 820 2022 decimo
835 1976 913 2022 auno
927 1957 1088 2040 publium
1102 1958 1257 2041 epuluma

1 2115 2 2132 2
91 2059 290 2142 principibus
305 2079 341 2123 ae
361 2059 525 2142 praefectis
547 2061 611 2124 suis
626 2061 729 2138 daret,
746 2079 833 2126 sacra
847 2079 937 2138 uasa,
959 2079 1038 2142 quae
1052 2080 1106 2142 per
1121 2060 1228 2124 Nabu-

92 2162 287 2227 chodonosor
308 2163 346 2226 de
368 2163 484 2245 templo
507 2163 739 2246 Hierosolymae
760 2163 866 2228 ablata
887 2183 943 2228 uec
962 2164 996 2226 in
1015 2163 1135 2246 regales
1154 2180 1229 2226 usus

92 2266 264 2346 usurpata,
286 2265 340 2329 sed
354 2265 511 2330 recondita
525 2265 558 2329 in
572 2265 726 2331 thesauris
746 2266 954 2342 habebantur,
977 2264 1107 2347 proferri
1128 2265 1229 2346 impe·

94 2367 189 2432 rauit.
207 2386 341 2449 cumque
350 2367 404 2431 his
419 2387 473 2450 per
486 2368 594 2432 luxum
609 2388 645 2434 ac
658 2368 818 2433 licentiam
833 2367 947 2451 regalis
961 2366 1097 2431 conuiuii
1111 2367 1257 2448 premi-a

59 2497 86 2538 1ο
95 2489 169 2536 scue
184 2487 291 2534 omnes
306 2470 408 2534 uirilis
423 2489 458 2535 ac
472 2471 634 2535 muliebris
649 2489 753 2549 sexus,
775 2487 882 2534 uxores
903 2469 1148 2550 concubinaeque
1162 2468 1229 2532 eius

94 2576 277 2649 uterentur,
306 2573 408 2638 subito
437 2592 489 2637 1111
517 2574 549 2638 in
570 2574 688 2656 pariete
710 2574 904 2656 conspicatur
922 2571 1039 2656 digitos
1060 2570 1228 2636 scribentes

96 2677 362 2758 cernebanturque
384 2677 417 2742 in
437 2695 562 2742 uersum
581 2678 692 2742 ductae
706 2677 831 2742 literae:
847 2677 902 2741 sed
921 2674 976 2757 qui
995 2677 1098 2757 posset
1113 2674 1229 2756 scripte

1 2847 2 2850 ,
95 2781 211 2864 legere,
224 2798 284 2844 non
294 2780 512 2862 reperiebatur.
534 2780 634 2863 igitur
644 2779 890 2862 rexperterritus
898 2795 1006 2861 magos
1016 2780 1049 2842 et
1060 2775 1261 2842 Chaldaeos4

1 2857 4 2988 1
96 2884 240 2948 aduocat.
258 2883 370 2964 quibus
380 2882 592 2948 mussantibus
602 2901 658 2947 neo
669 2883 835 2965 quicquam
846 2881 1110 2964 respondentibus,
1121 2880 1229 2963 regina

1 2993 2 3062 j
62 3013 88 3054 11
97 3005 206 3069 regem
221 2986 375 3064 admonet,
391 3003 456 3050 esse
471 2986 624 3067 quendam
631 2985 808 3050 Hebraeum
815 2984 928 3049 Daniel
940 2983 1072 3060 nomine,
1085 2983 1139 3063 qui
1153 2982 1228 3046 olim

1 3071 2 3116 ³
95 3087 379 3154 Nabuchodonosor
393 3089 507 3154 occulti
521 3088 663 3171 mysterii
678 3088 1016 3164 somniumreuelasset,
1028 3086 1092 3149 iam
1106 3088 1175 3150 tum
1189 3085 1228 3148 ob

96 3191 258 3256 illustrem
277 3191 461 3273 sapientiam
481 3191 612 3255 summis
625 3191 792 3254 honoribus
806 3191 963 3255 donatum.
984 3189 1091 3270 itaque
1111 3187 1261 3252 accituse

1 3289 2 3342 ἶ
97 3293 234 3377 perlegit
248 3293 544 3376 interpretatusque,
565 3293 603 3356 ob
618 3293 769 3358 delictum
783 3292 880 3376 regis,
901 3292 955 3373 qui
975 3309 1063 3356 sacra
1076 3290 1141 3355 Deo
1155 3309 1229 3355 rasa

1 3350 3 3475 1
98 3398 293 3473 temerasset,
302 3396 363 3478 ipsi
375 3396 504 3460 exitium
515 3395 676 3460 imminere
691 3414 879 3479 regnumque
893 3395 959 3459 eius
967 3393 1067 3458 Medis
1082 3392 1229 3458 acPersis

209 3583 245 3639 12
262 3582 301 3634 IV
319 3582 383 3650 Reg.
402 3582 448 3640 25.
504 3583 540 3640 15
557 3581 625 3636 Dan.
644 3584 670 3640 5.

154 3737 328 3793 2babillons
341 3737 381 3802 P,
392 3735 584 3804 Babylonemb
629 3734 942 3803 dhonominterpolato
952 3734 1093 3789 (1111111111
1139 3734 1228 3800 brep

100 3823 219 3892 perirem
231 3823 259 3875 P
310 3822 328 3878 6
340 3837 452 3889 regnum
463 3821 669 3874 babilloniornm
681 3822 709 3874 P
759 3821 777 3876 7
791 3820 970 3875 consentirent
981 3820 1020 3885 P,
1034 3837 1080 3874 em.
1094 3820 1129 3873 do
1140 3819 1228 3872 Proto

157 3908 195 3965 12
212 3923 324 3977 regnum
337 3909 379 3960 est
390 3906 502 3976 adeptus
514 3908 530 3961 1
584 3908 620 3963 13
632 3906 818 3960 Euilmsrodao
823 3907 878 3960 Pb:
891 3904 1095 3960 Euilmaroduoh
1105 3904 1228 3957 Dromos

156 3993 196 4049 14
212 3993 339 4046 Balsasar
362 3993 486 4046 Dromos
551 3993 632 4051 151⁸
653 4007 713 4046 cum
736 3993 764 4044 b:
794 4008 854 4046 cum
876 3992 905 4046 P
968 3991 1005 4047 17
1023 3989 1178 4043 hierolimae
1201 3989 1229 4042 P

113 4080 127 4146 11
148 4079 324 4132 1111Ρε111
384 4077 418 4134 19
437 4079 574 4146 cuqu:
593 4078 679 4131 cumb
742 4077 783 4133 20
799 4079 940 4144 omnosP,
958 4077 1071 4129 alconi.
1086 4075 1228 4143 Sigonius:

102 4164 218 4222 omnisb
281 4164 318 4220 21
338 4164 504 4232 conspicatur
516 4163 544 4218 P
554 4163 623 4230 (noc
635 4163 801 4232 conspicatus
813 4164 878 4232 esti:
895 4160 1050 4229 conspicitb
1113 4159 1152 4215 22
1169 4176 1228 4228 pos-

103 4250 183 4304 sitP
227 4250 265 4306 23
277 4249 517 4319 repperiebsturP
567 4249 606 4306 24
617 4248 864 4313 mussitantibnsb,
877 4247 953 4314 otof.
968 4247 993 4313 I,
1006 4249 1082 4313 43,7
1133 4245 1231 4302 2711-

103 4335 175 4390 eitus
187 4335 318 4390 Danielb
