3050 4984
303 370 365 433 170
721 364 867 435 Sulpicii
884 364 998 419 Seueri

305 523 423 604 potenti
449 524 508 589 fide
534 524 567 587 id
592 523 729 587 obtinere
754 520 939 605 promeruit:
963 519 1013 583 oui
1037 518 1116 585 inter
1139 519 1240 584 multa
1266 518 1434 600 conloquia

305 628 510 712 percontanti,
534 648 588 693 cur
613 628 750 693 homines
777 628 934 707 tantopere
959 623 1087 701 uitaret,
1110 622 1298 705 respondisse
1322 621 1428 703 perhi-

273 732 408 809 bbetur,
432 751 518 810 eum,
541 731 596 813 qui
618 731 655 795 ab
675 728 850 795 hominibus
865 726 1120 810 frequentaretur,
1143 742 1203 789 non
1217 742 1303 807 posse
1317 725 1355 789 ab
1370 744 1427 789 an-

302 835 380 919 gelis
402 834 597 917 frequentari.
621 834 701 899 unde
720 852 780 898 non
800 831 942 897 inmerito
963 830 1083 911 recepta
1102 828 1241 909 opinione
1255 828 1428 908 multorum

275 937 386 1003 sfama
399 938 602 1021 uulgauerat,
625 938 766 1001 sanctum
780 936 871 999 illurn
892 934 930 999 ab
954 933 1071 1017 angelis
1086 931 1214 997 uisitari.
1245 948 1300 1015 ego
1321 931 1428 996 autem
1459 958 1479 997 ε.

302 1039 409 1106 aSina
428 1041 532 1105 monte
547 1039 701 1123 digressus
721 1040 761 1104 ad
781 1038 891 1103 Nilum
911 1036 1025 1101 flumen
1043 1053 1213 1119 regressus,
1237 1034 1323 1099 cuiuis
1343 1034 1429 1114 ripas

302 1142 511 1225 frequentibus
526 1142 719 1207 monasteriis
733 1141 887 1205 consertas
902 1141 1031 1221 utraque
1045 1158 1081 1202 en
1094 1139 1181 1220 parte
1196 1137 1336 1202 lustraui.
1359 1136 1427 1217 ple-

302 1264 433 1327 rumque
456 1245 540 1323 uidi,
563 1246 600 1309 ut
614 1246 731 1309 dudum
746 1244 897 1319 dixeram,
920 1260 980 1306 uno
994 1242 1027 1305 in
1042 1242 1107 1306 loco
1122 1240 1261 1305 habitare
1276 1240 1428 1317 centenos,

276 1350 356 1417 used
381 1349 413 1412 et
437 1348 509 1413 bina
529 1348 561 1411 et
579 1350 666 1413 terna
686 1347 775 1411 milia
790 1347 823 1411 in
837 1346 935 1410 isdem
950 1344 1061 1410 uiculis
1077 1362 1166 1427 agere
1181 1343 1348 1407 constabat.
1371 1360 1430 1405 nec

303 1470 374 1517 sane
388 1450 434 1515 ibi
448 1451 598 1515 minorem
612 1450 729 1533 putetis
744 1449 968 1514 diuersantium
989 1448 1022 1511 in
1042 1447 1242 1511 multitudine
1262 1446 1475 1511 monacho-10

302 1574 371 1620 rum
386 1572 451 1618 esse
464 1554 628 1630 uirtutem,
652 1572 744 1633 quam
758 1570 864 1617 eorum
879 1569 943 1615 esse
958 1550 1158 1633 cognouistis,
1181 1550 1235 1630 qui
1255 1568 1287 1613 se
1307 1550 1345 1613 ab
1366 1550 1428 1612 hu-

275 1656 402 1729 amanis
417 1656 553 1719 coetibus
568 1656 773 1720 remouerunt.
798 1654 976 1737 praecipua,
999 1655 1035 1717 ut
1049 1653 1113 1718 ianr
1127 1652 1277 1730 dixeram,
1300 1651 1346 1716 ibi
1360 1652 1427 1715 uir-

304 1760 355 1822 tus
371 1760 402 1822 et
416 1758 518 1839 prima
529 1760 577 1822 ost
588 1757 797 1821 oboedientia:
821 1775 917 1838 neque
933 1757 1023 1821 aliter
1038 1757 1201 1821 adueniens
1216 1774 1234 1819 a
1247 1754 1428 1819 monasterii

305 1861 416 1926 abbate
430 1860 611 1943 suscipitur,
635 1878 727 1941 quarn
743 1860 796 1941 qui
811 1860 980 1940 temptatus
1000 1859 1085 1940 prius
1104 1858 1199 1923 fuerit
1219 1859 1250 1921 et
1270 1858 1426 1939 probatus,

304 1963 426 2027 nullum
446 1982 595 2043 umquam
617 1962 811 2026 recusaturus
831 1961 1000 2043 quamlibet
1020 1963 1150 2026 arduum
1170 1979 1206 2025 ac
1229 1959 1356 2026 difficile
1378 1964 1470 2027 in-1:

305 2065 495 2148 dignumque
509 2065 642 2129 toleratu
657 2064 779 2129 abbatis
793 2065 966 2147 imperium.

258 2178 295 2241 18
348 2170 417 2232 Duo
442 2167 529 2231 uobis
551 2166 682 2232 referam
709 2167 897 2231 incredibilis
913 2168 1118 2232 oboedientiae
1133 2168 1299 2233 admodum
1313 2188 1427 2252 magna

306 2271 470 2348 muscula,
485 2271 568 2335 :licet
582 2271 746 2353 suppetant
760 2271 850 2352 plura
864 2271 1022 2335 recolenti:
1039 2270 1091 2333 sed
1105 2271 1144 2335 ad
1159 2270 1347 2337 incitandam
1361 2271 1428 2337 uir-

306 2376 411 2439 tutum
433 2374 683 2451 aemulationem,
707 2374 757 2438 oui
777 2393 874 2455 pauca
892 2392 952 2437 non
973 2372 1146 2451 sufficiunt,
1170 2374 1270 2439 multa
1283 2392 1343 2439 non
1357 2392 1428 2456 pro-

278 2477 425 2542 2dcrunt.
450 2494 521 2561 ergo
536 2494 607 2541 cum
622 2476 749 2557 quidam
764 2476 882 2541 saeculi
898 2476 1017 2541 actibus
1038 2476 1187 2541 abdicatis
1207 2478 1427 2543 monasterium
1439 2500 1470 2541 so

306 2598 436 2663 magnae
472 2579 681 2661 dispositionis
711 2578 867 2661 ingressus
900 2578 1013 2661 suscipi
1044 2597 1076 2642 se
1108 2581 1245 2663 rogaret,
1280 2580 1374 2645 abbas
1400 2581 1428 2644 ei

307 2682 406 2765 coepit
429 2682 530 2746 multa
550 2699 730 2763 proponere:
753 2698 862 2763 graues
889 2698 952 2744 esse
977 2680 1069 2745 istius
1096 2682 1274 2764 disciplinae
1298 2684 1427 2761 labores

307 2802 363 2848 sua
376 2801 448 2848 uero
463 2784 541 2848 dura
562 2782 707 2865 imperia,
730 2801 807 2864 quae
834 2782 950 2847 nuliius
975 2783 1066 2849 facile
1092 2786 1208 2850 ualmet
1232 2785 1347 2867 inplere
1373 2806 1428 2869 pa·

306 2884 431 2949 tientia:
455 2884 541 2949 aliud
554 2884 657 2967 potius
671 2884 908 2963 monasterium,
932 2886 987 2950 ubi
1001 2885 1190 2952 facilioribus
1205 2889 1325 2972 legibus
1340 2890 1427 2953 uiue-

306 2988 405 3065 retur,
420 2988 588 3068 expeteret:
604 3005 664 3051 non
678 2988 844 3069 temptaret
859 2989 1001 3072 adgredi,
1018 2991 1099 3071 quod
1113 2990 1228 3073 inplere
1242 3010 1302 3057 non
1316 2994 1427 3074 posset.
1439 3014 1466 3052 a

279 3090 361 3153 3ille
385 3107 456 3154 uero
481 3089 560 3154 nihil
584 3090 634 3154 his
659 3090 825 3155 terroribus
845 3092 1032 3173 permoneri,
1055 3093 1107 3157 sed
1132 3094 1233 3177 magis
1247 3095 1292 3160 ita
1307 3112 1429 3160 omnem

307 3192 530 3258 oboedientiam
544 3193 696 3277 pollicari,
724 3196 775 3272 ut,
798 3194 825 3257 si
850 3212 920 3259 euru
946 3194 1040 3259 abbas
1066 3195 1098 3259 in
1123 3196 1227 3279 ignem
1247 3196 1292 3262 ire
1311 3199 1429 3279 praeci·

307 3297 406 3377 peret,
429 3314 489 3361 nou
503 3298 655 3360 recusaret
675 3296 800 3360 intrare.
821 3315 914 3378 quam
929 3296 1014 3359 illius
1029 3296 1244 3378 professionem
1259 3300 1313 3363 ubi
1327 3301 1430 3384 magi-

279 3398 371 3463 4stor
396 3398 527 3481 accepit,
549 3416 609 3464 non
635 3399 796 3464 cunctatus
822 3398 949 3481 probare
968 3399 1169 3481 profitentem.
1194 3420 1266 3466 casu
1292 3402 1431 3468 elibanus

358 3636 620 3705 2pcrcunctantiF
668 3636 1008 3705 bregressusABFMV:
1027 3654 1162 3707 regressus
1175 3656 1234 3693 sum
1249 3641 1288 3711 Qu
1365 3643 1430 3699 9111

307 3739 355 3779 om.
378 3724 404 3777 V
423 3723 435 3790 ΙΙ
457 3721 541 3776 isdem
562 3721 603 3775 F.-
632 3722 736 3776 hisdem
756 3723 824 3789 AV,
842 3723 937 3777 iisdem
957 3740 974 3777 a
997 3726 1008 3791 ΙΙ
1031 3740 1109 3793 agere
1129 3725 1280 3795 ABFQV:
1299 3727 1393 3798 degere
1414 3748 1431 3785 o

360 3808 399 3866 10
415 3807 613 3861 deuersantium
629 3809 655 3862 V
674 3810 686 3876 ΙΙ
709 3808 738 3860 in
757 3809 789 3861 ia
809 3808 836 3861 A
857 3824 964 3863 erasum
985 3816 1024 3863 est
1102 3810 1137 3867 11
1157 3813 1319 3881 cognouistis
1340 3815 1427 3871 Rosw.

213 3904 217 3911 '
307 3903 333 3949 et
357 3896 394 3949 V:
414 3893 572 3963 cognoscitis
584 3894 655 3947 AFc
708 3893 745 3949 13
764 3894 946 3947 amonasterii
964 3894 1061 3949 abbate
1071 3896 1134 3950 ΒΜ
1137 3899 1173 3951 V:
1193 3898 1227 3951 ad
1240 3902 1429 3955 monasterium

307 3980 414 4034 abbatis
440 3980 511 4035 Aac
573 3980 609 4036 15
631 3978 767 4046 quaelibet
792 3978 818 4032 V
869 3979 905 4035 18
923 3980 1084 4037 incitandam
1111 3984 1146 4037 V:
1174 3984 1339 4039 excitandam
1360 3988 1431 4043 Alco

358 4067 396 4123 21
415 4066 550 4135 ingressus
571 4064 669 4132 suscipi
690 4080 718 4117 se
737 4066 845 4133 rogaret
857 4066 920 4119 ΒΜ
924 4066 960 4119 V:
980 4066 1115 4135 ingressus
1128 4070 1256 4138 coepisset
1276 4074 1431 4142 rogaroFQ

308 4152 344 4219 (et
359 4153 399 4206 cic
410 4169 440 4221 v,
458 4151 506 4204 aad
517 4150 709 4218 ingressurus),
728 4150 896 4219 ingressurus
908 4152 1038 4220 coepisset
1058 4169 1151 4222 rogare
1168 4158 1199 4208 ut
1216 4158 1392 4226 susciperetur
1404 4162 1431 4213 A

359 4237 397 4293 26
409 4237 527 4305 permoui
544 4237 570 4290 V
616 4235 656 4292 27
667 4235 833 4303 praeceperit
843 4236 922 4304 Fpr.
936 4254 969 4291 oo.
984 4244 1009 4293 et
1025 4239 1051 4293 V
1110 4240 1148 4297 29
1171 4244 1309 4297 cunctatus
1321 4244 1430 4301 AF¹V:

308 4324 447 4377 emutatus
459 4325 501 4375 est
517 4321 563 4388 M,
582 4324 722 4378 cunctatur
734 4321 765 4375 F
773 4336 841 4376 corr.
856 4328 908 4377 etv
