3050 4984
295 384 358 447 100
605 362 607 367 ¹
694 382 838 436 Firmici
855 380 1003 435 Materni

294 541 366 603 ante
392 537 576 603 sententiam
602 537 653 602 dei
678 538 806 603 cottidie
832 537 968 603 flammis
994 536 1158 600 ultricibus
1190 537 1420 600 concremetur?

263 640 385 705 obusta
410 642 482 706 sunt
506 641 595 719 haec,
638 640 841 706 sacratissimi
866 641 1083 722 imperatores,
1120 638 1319 722 appellanda,
1358 656 1418 701 non

292 746 425 828 templa:
448 746 517 830 rogi
537 746 611 809 sunt
635 745 739 828 potius
765 744 887 810 dicendi
913 743 1114 808 miserorum:
1136 762 1210 808 nem
1224 743 1257 807 in
1271 742 1420 806 honorem

291 849 452 913 hominum
478 848 668 931 perditorum
693 846 783 913 aedos
808 866 862 930 pro
883 847 1053 929 sepulchris
1067 846 1242 911 miseranda
1256 845 1418 925 hominum

291 952 425 1016 seruitus
441 950 526 1016 facit.
549 951 600 1015 hie
615 953 821 1016 crematorum
842 969 1001 1033 corpomm
1022 948 1150 1015 fauillae
1164 950 1343 1027 seruantur,
1366 947 1417 1011 hic
1442 966 1455 1003 ⁵

291 1056 405 1121 cineres
421 1056 612 1120 mortuorum
627 1054 805 1138 inreligiosa
818 1054 887 1137 lege
901 1053 1082 1132 conduntur,
1098 1054 1134 1117 ut
1144 1052 1324 1117 acerbarum
1335 1068 1418 1115 mor-

289 1157 371 1221 tium
400 1176 487 1222 casus
517 1156 687 1222 cottidiano
717 1156 917 1221 uictimarum
946 1156 1094 1240 sanguine
1123 1155 1352 1232 recrudescant,
1382 1154 1418 1216 nt

289 1260 390 1337 tristis
405 1259 635 1325 lamentationis
651 1260 750 1325 exitiis
765 1260 930 1325 renouatus
946 1260 1055 1324 annuis
1069 1258 1207 1324 luctibus
1228 1257 1414 1331 renascetur,

288 1365 325 1429 ut
346 1364 462 1446 sopitos
486 1363 578 1428 fietus
603 1364 753 1428 recentior
778 1363 918 1427 ululatus
943 1363 1100 1446 exagitet,
1122 1364 1158 1426 ut
1184 1359 1351 1443 parricidia
1364 1358 1416 1423 nel

258 1460 262 1466 ’
289 1466 405 1531 inceste
427 1466 478 1531 uel
500 1468 614 1531 mortes
638 1486 673 1531 ex
695 1484 852 1531 sacrorum
874 1467 938 1530 ritu
960 1466 1072 1531 misera
1094 1483 1180 1530 mens
1200 1463 1362 1528 hominum
1384 1463 1416 1526 et
1426 1490 1456 1528 lo

260 1571 386 1635 4eolere
402 1570 501 1636 diseat
516 1571 547 1635 et
561 1569 668 1634 facere.
704 1569 892 1651 amputanda
919 1569 991 1633 sunt
1015 1569 1107 1647 haec,
1130 1566 1329 1643 sacratissimi
1355 1566 1416 1628 im·

177 1683 279 1727 F0¹·1⁶··
289 1673 458 1755 peratores,
481 1673 604 1755 penitus
625 1674 717 1754 atque
739 1672 867 1737 delenda
885 1673 890 1755 Ι
910 1672 942 1736 et
957 1671 1160 1737 seuerissimis
1175 1669 1346 1735 edictorum
1360 1687 1415 1732 ue-

291 1778 425 1841 strorum
438 1776 561 1861 legibus
575 1776 769 1859 corrigenda,
791 1795 829 1840 ne
857 1775 975 1840 diutius
995 1775 1169 1839 Romanum
1194 1773 1301 1839 orbem
1325 1790 1415 1853 pree·

291 1879 475 1962 sumptionis
498 1880 588 1943 istius
611 1897 693 1944 error
715 1878 857 1943 funestus
879 1879 1063 1956 inmaculet,
1092 1896 1130 1941 ne
1151 1874 1316 1958 pestiferae
1342 1891 1413 1937 con-

291 1982 461 2047 suetudinis
477 1982 667 2049 eonualescat
680 1981 866 2063 inprobitas,
882 1980 1246 2063 nequicquidhominem
1261 1977 1311 2042 dei
1323 1996 1456 2044 eone-1⁵

290 2086 343 2150 tur
356 2085 482 2167 perdere
497 2085 615 2150 diutius
631 2085 663 2148 in
678 2086 760 2149 terra
775 2085 958 2149 dominetur.
982 2084 1091 2149 nolunt
1112 2082 1239 2166 quidam
1254 2084 1286 2147 et
1300 2100 1415 2165 repug-

288 2190 365 2253 nent
381 2190 412 2252 et
427 2188 555 2253 exitium
571 2208 662 2253 suum
676 2206 772 2270 prona
786 2188 956 2271 cupiditate
971 2187 1160 2266 desiderant,
1184 2186 1237 2251 sed
1253 2185 1416 2250 subuenite

289 2291 424 2371 miseris,
447 2291 579 2357 liberate
593 2293 772 2373 pereuntes:
795 2292 835 2356 ad
854 2291 910 2355 hoe
932 2291 1020 2355 uobis
1034 2290 1119 2355 Dens
1134 2308 1273 2355 summus
1288 2288 1417 2353 commi-

289 2396 330 2459 sit
344 2394 526 2477 imperium,
550 2395 586 2457 ut
599 2412 653 2475 per
667 2411 722 2457 uos
737 2394 874 2458 uulneris
889 2394 981 2458 istius
1002 2394 1095 2478 plaga
1109 2393 1241 2458 curetur.
1270 2392 1415 2457 facinoris

288 2516 394 2562 eorum
407 2497 579 2579 perieulum
594 2497 727 2576 seimus,
751 2498 861 2562 erroris
876 2484 971 2561 notae
981 2498 1054 2562 sunt
1073 2514 1204 2578 poenae,
1228 2496 1281 2561 sed
1301 2493 1415 2559 melius
1426 2516 1455 2557 oo

288 2603 336 2666 est
358 2601 393 2665 ut
414 2600 552 2665 liberetis
574 2600 689 2665 inuitos
711 2620 805 2682 quem
826 2603 863 2665 ut
883 2600 1059 2665 uolentibus
1081 2599 1253 2664 concedatis
1275 2598 1415 2663 exitium.

261 2704 483 2789 saegrotantes
508 2703 660 2767 contraria
686 2703 855 2782 delectant,
880 2705 997 2768 etcum
1013 2720 1120 2786 eorpus
1134 2702 1268 2766 hominis
1284 2701 1414 2765 aduersa

288 2806 428 2870 ualitudo
443 2805 627 2887 possederit,
644 2808 748 2871 eontra
763 2807 895 2871 salutem
911 2826 999 2871 suam
1013 2805 1255 2870 elaborantibus
1270 2821 1416 2886 peruersa

288 2909 463 2990 poscuntur.
487 2909 577 2990 capte
598 2927 684 2973 mens
714 2907 874 2992 languoris
898 2910 976 2973 nitio
998 2910 1177 2974 morborum
1200 2928 1320 2990 semper
1334 2926 1415 2990 aug-

288 3013 393 3076 menta
413 3011 567 3076 desideret
588 3012 619 3077 et
639 3011 773 3077 medelas
794 3012 948 3078 artificum
969 3013 1130 3097 espemata
1152 3012 1345 3096 contemnit,
1365 3028 1455 3075 re-rs

288 3111 372 3197 spuit
386 3114 558 3179 remedium
573 3115 742 3181 medicinae
758 3117 789 3181 et
803 3117 835 3181 in
850 3117 980 3182 exitium
995 3135 1086 3182 suum
1100 3134 1196 3197 prona
1215 3114 1416 3181 animositate

288 3218 425 3283 festinat.
448 3219 532 3297 tune,
556 3218 582 3283 si
597 3219 718 3285 malum
736 3221 835 3286 morbi
849 3220 961 3286 fortius
976 3221 1123 3299 creuerit,
1147 3221 1264 3285 maiora
1278 3218 1416 3284 remedia

288 3322 477 3403 quaeruntur
488 3323 519 3387 et
530 3341 584 3409 pro
600 3323 841 3388 salutehominis
853 3324 988 3389 sollicite
998 3324 1109 3389 fortius
1121 3343 1154 3389 se
1165 3324 1317 3389 medicina
1328 3340 1416 3386 com-

287 3428 388 3510 ponit:
411 3428 511 3509 asperi
527 3427 603 3505 cibi,
619 3428 718 3493 amari
732 3430 824 3511 potus
838 3429 1014 3494 nolentibus
1028 3429 1212 3513 ingenmtur
1227 3430 1273 3507 et,
1299 3428 1325 3492 si
1341 3445 1415 3492 oon-

287 3528 422 3594 ualuerit
436 3529 568 3609 malum,
598 3531 629 3595 et
644 3530 726 3613 ignis
741 3531 906 3597 adhibetur
926 3533 957 3597 et
971 3531 1096 3597 ferrum.
1128 3532 1278 3596 sichomo
1292 3531 1461 3612 receptaeo

287 3633 419 3697 sanitate
435 3632 466 3697 et
481 3632 581 3698 salute
595 3633 656 3697 sibi
670 3634 793 3699 reddita
808 3635 955 3717 quicquid
976 3636 1164 3719 aegrotantis
1186 3635 1319 3717 eorporis
1335 3633 1414 3698 uitio

286 3734 405 3799 inuitus
419 3753 526 3815 pessus
542 3737 598 3815 est,
614 3736 671 3801 hoc
682 3737 785 3802 totum
799 3756 853 3819 pro
864 3738 1003 3803 utilitate
1017 3758 1073 3803 sua
1086 3738 1205 3804 fectum
1220 3756 1286 3803 esse
1301 3738 1415 3802 stantis

287 3836 383 3901 animi
397 3837 511 3901 iudicio
527 3837 696 3904 confitetur.

340 4026 484 4084 5facito:
504 4025 576 4079 fitP
628 4026 859 4083 eacemammP
910 4029 1178 4094 trecrudescetPo,
1192 4030 1379 4083 emBarerbn

288 4112 326 4167 14
344 4111 548 4165 commaculeta
613 4112 794 4171 15111111
859 4114 895 4172 16
913 4115 1060 4169 nediutiue
1073 4133 1091 4169 a
1153 4114 1192 4172 23
1210 4115 1366 4169 ualetudoa
1388 4117 1401 4183 11

285 4197 429 4266 possiderit
442 4199 469 4251 P
520 4198 559 4255 24
578 4201 770 4255 moruorumP
814 4202 1008 4271 25aspernata
1020 4205 1053 4268 P,
1066 4205 1178 4258 utcoaa'.
1197 4203 1308 4258 Oeblcr:
1322 4218 1414 4271 esper-

285 4285 364 4336 natae
377 4301 395 4337 a
454 4284 492 4341 26
510 4286 629 4340 remedii
642 4287 677 4356 P,
690 4286 738 4341 seri
750 4303 820 4342 corr.
833 4290 865 4343 ia
876 4288 993 4342 remedia
1006 4293 1066 4343 1111.
1079 4296 1112 4343 at
1122 4290 1237 4344 atteror
1300 4288 1339 4345 28
1356 4306 1414 4343 me-

285 4367 389 4422 diuinae
401 4370 510 4438 opponit
522 4389 540 4425 a
591 4372 627 4429 29
646 4373 802 4443 ingerentur
814 4392 833 4429 o
884 4375 924 4433 30
941 4376 970 4429 Si
981 4376 1059 4430 homo
1076 4394 1106 4446 a,
