3050 4984
289 354 354 418 220
765 345 943 415 Appendir.

289 512 349 583 166,
371 527 407 568 66
433 510 594 581 contempte
619 506 774 577 desideres,
797 522 832 563 ne
853 523 967 564 manum
988 506 1082 563 aratro
1106 503 1234 562 inserens
1259 503 1416 560 retrorsum

288 629 424 672 conuersa
448 611 598 684 respicias,
622 626 676 682 quo
702 608 803 681 ntique
828 608 859 666 in
885 610 914 667 16
940 608 1074 667 redeunte
1099 606 1171 665 uitio
1191 605 1317 664 ordinem
1332 620 1416 661 suum

287 732 400 774 necesse
422 716 466 773 est
487 714 584 772 sulcus
603 712 739 784 amittet,
762 728 814 771 neo
830 728 896 770 6666
912 712 1066 769 mercedem
1082 727 1162 769 suam
1178 708 1271 768 cultor
1285 706 1415 779 accipiet.

289 818 416 891 alioquin
431 834 483 875 neo
498 818 607 889 partem
622 815 821 890 consequitur,
845 814 870 873 si
892 832 926 873 ox
947 816 1028 887 perte
1043 812 1205 872 cessauorit.
1228 829 1295 870 nem
1311 812 1417 871 sicuta

287 922 400 995 peccato
423 920 460 977 ad
480 918 621 978 iustitiam
642 918 808 993 fugiendum
829 919 888 989 661,
911 917 954 975 116
974 917 1016 989 61,
1040 916 1089 990 661
1111 915 1253 974 iustitiam
1269 914 1355 973 fuerit
1369 914 1416 972 16-
1441 925 1457 963 5

286 1039 415 1096 gressus,
431 1039 467 1080 ne
482 1022 598 1095 peccato
613 1023 711 1094 pateat
725 1020 959 1093 praecauendum.
983 1020 1120 1093 scriptum
1135 1018 1210 1077 enim
1225 1020 1284 1090 661,
1300 1017 1415 1090 16616,

286 1126 322 1183 16
345 1142 412 1198 666
434 1125 489 1183 116
511 1124 760 1195 exerrauerit,
791 1123 987 1181 iustitiam
1015 1140 1084 1181 non
1111 1120 1351 1195 profuturam.
1385 1120 1418 1177 in

285 1229 340 1286 hoc
353 1227 444 1301 igitur
459 1226 676 1285 consistendum
687 1229 746 1299 661,
770 1226 801 1285 16
815 1227 867 1285 hoo
882 1226 1081 1297 laborandum,
1104 1241 1140 1283 ne
1155 1225 1205 1297 qui
1219 1226 1335 1298 peccate
1349 1240 1417 1283 666-

286 1329 389 1401 61666,
418 1329 550 1404 praemia
564 1331 665 1402 parata
679 1331 839 1403 perdamus.
869 1330 927 1387 stet
948 1328 1023 1387 enim
1049 1330 1198 1387 aduersum
1223 1345 1274 1386 666
1299 1328 1419 1401 paratus

285 1433 433 1505 16161666,
455 1435 489 1492 61
514 1433 654 1491 6616166
679 1432 745 1490 fidei
767 1432 888 1491 umbone
908 1448 972 1490 mox
987 1431 1080 1489 feriet.
1104 1448 1159 1489 non
1186 1430 1348 1488 6116166166
1373 1432 1419 1488 661
1429 1441 1459 1479 10

284 1536 382 1609 itaque
405 1536 529 1609 clipeus,
558 1552 593 1593 ne
620 1535 699 1593 latus
721 1536 833 1608 pateat:
862 1552 919 1593 non
942 1534 1128 1593 remittendus
1156 1535 1200 1593 661
1226 1533 1354 1607 gladius,
1381 1550 1419 1593 ne

284 1638 376 1697 hostis
391 1638 512 1711 incipiat
533 1655 589 1697 666
603 1637 720 1696 timore:
743 1654 826 1710 porro
849 1654 912 1695 cum
936 1639 1077 1695 armatum
1097 1636 1220 1709 uiderit,
1243 1636 1343 1695 ebibit.
1365 1652 1419 1695 neo

284 1740 449 1813 ignoremus
470 1741 573 1798 durum
597 1756 659 1799 6666
682 1741 768 1812 61666
790 1738 907 1798 difficile
930 1740 1066 1799 aduersus
1089 1756 1201 1799 carnem
1222 1742 1251 1798 et
1275 1740 1420 1799 saeculum

284 1842 387 1901 cotidie
404 1842 547 1902 dimicare.
571 1843 620 1901 sed
641 1842 666 1900 ei
692 1842 893 1901 aeternitatem
909 1842 1030 1917 cogites,
1054 1842 1078 1900 ei
1093 1843 1234 1902 caelorum
1248 1860 1337 1917 regna
1351 1859 1419 1903 con-

283 1944 404 2016 sideres,
431 1961 503 2018 6666
523 1945 624 2019 611666
642 1945 724 2003 66116
748 1944 886 2004 Dominus
902 1945 970 2003 licet
985 1945 1179 2019 peccatoribus
1194 1948 1339 2019 praestaro
1353 1945 1457 2021 dig-1⁵

282 2047 414 2120 rabitur,
447 2064 519 2121 quae
539 2048 655 2107 166166
675 2048 815 2122 condigne
837 2048 931 2121 passio
953 2050 1011 2120 est,
1044 2066 1100 2121 qua
1126 2050 1209 2107 tenta
1235 2045 1418 2107 mereamur?

282 2151 426 2210 luctamen
454 2153 550 2209 autem
578 2151 661 2209 66116
683 2151 713 2209 16
734 2152 788 2209 166
807 2151 910 2210 66616
932 2151 1015 2225 parui
1044 2151 1180 2225 temporis
1195 2153 1252 2223 661;
1275 2168 1341 2210 666
1362 2151 1419 2211 6161

282 2271 358 2313 mors
387 2270 444 2313 666
473 2254 619 2327 succedet,
644 2256 757 2313 senecta
790 2255 927 2313 succedet.
957 2254 1094 2313 labuntur
1120 2254 1204 2327 anni,
1227 2254 1321 2312 fluunt
1344 2256 1418 2313 tem·

280 2374 365 2431 pora,
388 2358 433 2429 et,
454 2358 488 2415 61
503 2374 601 2431 spero,
626 2356 765 2417 Dominus
780 2358 861 2416 Iesus
876 2359 1012 2430 tanquam
1028 2357 1201 2416 desideratos
1217 2357 1273 2416 6111
1289 2357 1418 2417 celeriter

279 2460 401 2520 uocabit.
1425 2478 1455 2520 ao

252 2565 269 2621 3
325 2564 348 2622 0
363 2580 449 2637 quam
464 2562 533 2622 felix
547 2563 598 2621 ille
613 2565 709 2622 noster
724 2579 864 2635 excessus,
882 2580 945 2621 cum
960 2580 978 2621 a
992 2563 1057 2621 1616
1071 2563 1181 2637 peccati
1195 2562 1324 2622 melioris
1338 2562 1418 2623 uitae

282 2666 494 2725 conuersatione
523 2667 660 2739 purgatos
689 2666 754 2724 sede
784 2682 836 2723 666
863 2682 915 2724 666
949 2665 1079 2725 Christus
1108 2666 1237 2738 excipiet.
1269 2668 1416 2725 occurrent

280 2769 419 2841 martyres
434 2770 463 2826 et
479 2768 649 2840 prophetae,
671 2767 826 2841 iungentur
847 2768 988 2841 apostoli,
1011 2769 1175 2842 gaudebunt
1190 2769 1299 2843 angeli,
1322 2768 1415 2827 laete·

281 2869 389 2928 buntur
417 2870 597 2943 archangeli,
635 2869 785 2943 uictusque
817 2872 932 2929 satanas
964 2873 1080 2930 cruento
1111 2872 1179 2931 licet
1208 2889 1254 2931 ore
1285 2872 1415 2946 pallebit,

281 2971 385 3045 quippe
400 2972 450 3044 661
465 2972 551 3029 61166
566 2975 681 3045 nostre,
706 2990 778 3045 quac
800 2972 854 3031 6111
880 2972 911 3032 16
934 2974 1016 3033 66116
1037 2977 1272 3049 praeparauerat,
1298 2976 1452 3049 6666661625

282 3073 446 3147 perdiderit.
470 3074 580 3133 uidebit
601 3075 723 3149 gloriam
743 3092 904 3135 concessam
927 3093 977 3149 per
999 3077 1129 3150 ueniam,
1155 3078 1257 3136 merita
1276 3078 1415 3136 honorate

279 3194 331 3251 per
358 3176 493 3251 gloriam:
517 3196 569 3237 666
595 3178 835 3251 triumphabimus
855 3180 944 3238 *hoste
972 3182 1113 3253 superato.
1142 3180 1287 3261 6111661
1314 3180 1414 3239 mundi

277 3276 743 3354 16116666616616661161661661
766 3282 815 3340 ubi
844 3298 963 3365 auarus,
986 3282 1036 3341 611
1068 3284 1196 3355 adulter,
1220 3284 1269 3342 611
1297 3283 1413 3357 impius,

218 3363 220 3374 ¹
276 3384 327 3443 ubi
349 3383 490 3457 ebriosus,
518 3385 567 3443 ubi
596 3385 752 3444 maledicus
779 3382 1038 3459 recognoscentur?
1061 3385 1130 3459 quid
1158 3386 1255 3445 miseri
1281 3403 1330 3460 pro
1361 3403 1414 3445 sua

278 3486 440 3546 defensione
455 3487 560 3546 dicturi
575 3485 664 3547 sunt?
685 3475 871 3547 ‘nesciuimus
885 3491 930 3561 te,
962 3487 1095 3561 Domine,
1119 3490 1149 3547 16
1174 3488 1205 3547 16
1230 3491 1334 3548 66616
1349 3502 1449 3549 essese

274 3607 332 3649 uon
360 3590 497 3649 uidimus:
529 3592 682 3665 prophetas
703 3608 760 3649 666
787 3590 907 3663 misisti,
943 3592 1034 3665 legem
1064 3592 1176 3651 sacculo
1204 3610 1260 3651 non
1289 3592 1410 3654 dedisti:

275 3692 454 3767 patriarchas
468 3710 525 3752 uon
539 3694 680 3766 61116666,
705 3695 867 3753 sanctorum
888 3712 944 3753 non
965 3694 1087 3769 legimus
1113 3696 1249 3769 exempla.
1275 3695 1410 3757 Christus

381 3875 397 3931 1
416 3874 482 3929 Luc.
500 3872 527 3939 9,
547 3873 593 3931 62.
647 3875 665 3932 6
684 3876 777 3931 Erech.
799 3874 844 3941 18,
864 3876 911 3933 24.

326 4044 506 4115 scalprato
557 4045 635 4105 5116
647 4046 733 4115 61661
750 4046 788 4101 01
846 4044 1010 4103 61661660
1059 4048 1251 4104 9616616661
1299 4049 1337 4106 10
1348 4066 1410 4103 um-

273 4128 380 4186 16610
426 4131 610 4201 1161666661
664 4131 700 4188 13
719 4133 799 4200 61666
814 4132 850 4187 O:
864 4133 921 4186 acb
975 4133 1012 4190 16
1031 4134 1227 4203 6666166160
1279 4135 1316 4192 17
1331 4135 1410 4190 66116

273 4230 329 4354 {1:21}
329 4216 407 4358 ἐή
432 4217 471 4274 23
489 4216 634 4287 iungentur
658 4217 692 4273 0:
719 4218 902 4287 tangenturb
976 4218 1016 4275 24
1033 4219 1208 4289 arcangeliC
1282 4220 1411 4331 68616-
