3050 4984
311 330 353 394 26
731 331 878 401 Sulpicii
901 330 1016 384 Seueri

310 483 343 547 id
369 484 458 548 modo
483 485 690 550 annotandum
714 487 904 564 ouranimm,
929 505 979 550 xx
1000 486 1032 550 et
1051 503 1162 550 nouem
1186 503 1280 568 regua
1303 483 1442 565 imperio

310 586 688 654 Hebraeoromsubieota:
710 607 840 671 quorum
858 590 941 653 terra
958 606 1013 670 per
1032 587 1173 652 undecim
1192 586 1292 651 tribus
1311 585 1440 650 uiritim

310 689 477 754 disbibuta
490 691 546 756 est.
561 691 679 756 Leuitis
693 691 775 756 euim
789 692 823 756 in
836 691 1040 756 sacerdotium
1054 690 1221 772 assumptis
1233 689 1320 755 nulla
1332 688 1439 771 portio

283 791 397 872 adata,
418 811 477 875 quo
492 793 618 858 liberius
633 794 783 858 seruirent
795 795 869 860 Deo.
891 794 1032 876 squidem
1052 794 1109 858 hoe
1122 791 1295 874 exemplum
1308 810 1371 856 uon
1383 792 1438 855 ta·

311 895 390 960 citus
414 897 635 978 praeterierim,
661 897 884 981 legendumque
907 897 1059 962 ministris
1083 896 1279 961 ecclesiarum
1302 895 1440 960 libenter
1461 912 1477 951 s

237 1009 239 1020 ·
311 998 499 1082 ingesserim.
522 1000 636 1064 etenim
656 1001 809 1082 praecepti
829 1000 921 1064 huius
942 1018 1002 1065 non
1022 999 1123 1064 solum
1143 1000 1353 1076 immemores,
1379 997 1438 1061 sed

311 1101 406 1165 edam
420 1102 519 1185 ignari
534 1103 612 1166 mihi
626 1103 784 1168 uidentur:
806 1104 894 1168 tanta
906 1104 964 1168 hoc
976 1104 1112 1184 temporo
1125 1102 1244 1167 animos
1257 1117 1363 1165 eorum
1375 1099 1437 1163 ha·

311 1203 403 1268 bendi
417 1204 525 1287 cupido
539 1205 638 1270 ueluti
651 1206 737 1270 tabes
751 1205 886 1271 incessit.
908 1206 1029 1271 inhiant
1041 1205 1296 1288 possessionibus,
1310 1202 1437 1285 praedia

178 1379 181 1386 ¹
311 1307 465 1386 excolunt,
487 1326 558 1372 auro
573 1308 733 1387 incubant,
754 1309 861 1373 emunt
875 1310 1084 1391 penduntque,
1104 1307 1244 1390 quaestui
1264 1304 1438 1388 peremnia

284 1409 444 1475 bstudent.
469 1411 501 1474 at
521 1409 548 1474 si
568 1411 621 1492 qni
642 1410 779 1475 melioris
793 1412 940 1493 propositi
961 1411 1120 1489 uidentur,
1135 1427 1232 1493 neque
1244 1407 1436 1491 possidentes
1445 1423 1474 1464 ιο

310 1531 407 1594 neque
417 1513 614 1597 negotiantes,
631 1513 711 1595 quod
722 1515 769 1578 est
779 1514 879 1578 multo
890 1514 1020 1596 turpius,
1035 1514 1172 1578 sedentes
1186 1530 1313 1576 munera
1325 1528 1435 1592 expec-

310 1615 393 1694 tant,
414 1617 505 1698 atque
526 1633 614 1680 omne
636 1616 718 1681 uitae
740 1617 830 1680 decus
852 1615 988 1682 mercede
1008 1616 1186 1698 corruptum
1206 1615 1334 1691 habent,
1356 1613 1435 1677 dum

284 1718 401 1800 aquosi
415 1718 555 1784 uenalem
579 1717 754 1800 praeferunt
779 1717 983 1784 sanctitatem.
1011 1719 1064 1783 sed
1087 1719 1209 1802 longius
1234 1736 1326 1800 quam
1345 1715 1433 1781 uolui

310 1838 449 1903 egressus
464 1839 548 1898 sum,
571 1821 646 1885 dum
661 1839 710 1886 me
724 1821 897 1904 temporum
912 1822 1084 1886 nostrorum
1098 1821 1184 1905 piget
1197 1820 1372 1901 taedetque:
1394 1818 1434 1882 ad

310 1922 466 2003 inceptum
486 1922 583 1986 redeo.
606 1922 718 2006 igitur,
740 1925 777 1988 nt
795 1942 888 2006 supra
907 1924 985 2002 dixi,
1006 1923 1106 1988 diuiso
1124 1942 1179 2006 per
1197 1923 1297 1988 tribus
1311 1920 1471 2002 captiuos

309 2023 389 2102 solo,
410 2043 482 2106 poce
503 2043 624 2090 summa
637 2026 770 2092 Hebraei
789 2027 1035 2108 perfruebantur,
1056 2027 1197 2091 finitimis
1216 2025 1296 2089 bello
1314 2023 1432 2088 territis

201 2139 205 2147 '
282 2127 358 2193 atet
371 2127 508 2192 uictoriis
527 2127 644 2192 nobiles
663 2129 757 2194 armis
776 2131 935 2212 temptare.
958 2129 1064 2194 eodem
1077 2129 1178 2194 tractu
1193 2128 1279 2193 Iesus
1292 2127 1431 2191 mortuus

310 2231 367 2308 est,
383 2249 460 2296 anno
475 2231 584 2296 aetatis
598 2231 716 2296 decimo
731 2233 764 2296 et
777 2233 949 2297 centesimo.
965 2233 1004 2297 de
1017 2231 1140 2314 imperii
1153 2232 1258 2296 autem
1271 2230 1337 2294 eius
1350 2231 1431 2294 tom·

309 2351 380 2416 pore
400 2352 509 2416 parum
530 2333 655 2400 defimo:
678 2333 819 2418 frequens
838 2337 942 2401 tamen
961 2334 1063 2417 opinio
1082 2335 1143 2413 est,
1165 2352 1215 2398 xx
1229 2334 1261 2397 ot
1274 2351 1325 2398 vm
1344 2332 1431 2398 annis

308 2454 380 2501 eum
394 2437 541 2502 Hebraeis
561 2437 736 2518 praefuisse.
759 2439 841 2520 quod
861 2439 888 2502 si
901 2439 948 2503 ita
960 2440 1022 2517 est,
1043 2437 1184 2503 amundi
1197 2435 1319 2502 exordio
1332 2435 1366 2501 in
1379 2453 1469 2500 enno

309 2557 429 2604 cessum
443 2539 508 2604 eius
523 2541 595 2605 anni
609 2542 680 2605 snut
690 2529 735 2606 {1}
750 2559 774 2605 n
790 2557 852 2604 ccc
866 2558 965 2604 cxxx
979 2541 1010 2605 et
1023 2559 1088 2606 nn.

259 2649 299 2712 aa
352 2642 423 2705 Iesu
437 2642 557 2705 mortuo
572 2643 702 2724 populus
717 2643 782 2707 sine
796 2643 872 2707 duos
885 2643 1005 2726 agebat.
1028 2642 1081 2706 sed
1101 2656 1173 2707 cum
1192 2642 1337 2707 aduersus
1351 2639 1430 2706 Cha·

308 2761 437 2809 uauaeos
462 2743 638 2809 bellandum
666 2746 754 2824 esset,
784 2744 846 2809 dux
868 2745 941 2810 belli
960 2745 1053 2811 Iudas
1072 2746 1248 2828 assumptus
1267 2745 1323 2809 est.
1339 2743 1430 2808 huius

310 2845 405 2909 ductu
431 2863 479 2910 res
499 2863 638 2928 prospere
669 2849 787 2931 gestae:
819 2847 903 2914 domi
924 2848 1115 2931 militiaeque
1136 2866 1294 2912 summurn
1315 2847 1428 2912 otium:

308 2948 438 3030 populus
452 2947 586 3013 subeatis
597 2950 651 3013 aut
662 2967 715 3032 per
726 2949 912 3016 deditionem
925 2951 1056 3033 aoooptis
1067 2951 1210 3036 gentibus
1223 2949 1429 3032 imperitabat.
1438 2973 1467 3016 aa

279 3049 393 3130 ainde,
414 3052 450 3115 ut
470 3069 588 3134 semper
607 3052 673 3117 fieri
694 3053 833 3118 secundis
847 3054 936 3117 rebus
950 3054 1043 3132 solet,
1058 3071 1181 3118 morum
1194 3053 1430 3135 disciplinaeque

307 3153 470 3218 immemor
493 3155 689 3220 matrimonia
710 3174 745 3220 ex
766 3156 858 3221 uictis
882 3174 1035 3220 assumere
1060 3157 1270 3239 paulatimque
1294 3156 1430 3220 ortemos

307 3274 406 3321 mores
425 3257 544 3323 trahere
564 3277 599 3322 ao
618 3275 689 3323 mox
703 3257 827 3340 profano
841 3258 906 3322 ritu
919 3258 1009 3323 idolis
1024 3258 1191 3323 sacrificare
1206 3258 1335 3340 occepit:
1356 3257 1430 3321 adeo

412 3477 430 3534 3
448 3479 501 3533 Jos.
523 3477 567 3536 13.
587 3495 642 3548 sqq.
681 3479 718 3538 15
735 3477 790 3534 Jos
810 3478 855 3536 23.
875 3479 921 3535 24.
958 3479 996 3536 22
1015 3479 1075 3534 Jud.
1096 3481 1121 3536 1.

357 3685 373 3741 1
392 3699 465 3740 mr
484 3683 613 3754 siqonius
630 3684 687 3740 coll.
706 3683 762 3739 dos.
782 3687 828 3753 12,
845 3687 891 3738 24.
953 3685 972 3742 2
989 3687 1063 3740 terra
1073 3701 1120 3754 por
1131 3685 1254 3740 undecim
1264 3684 1352 3740 tribus
1364 3683 1429 3740 uiri·

302 3769 355 3825 tim
375 3771 405 3823 b:
423 3767 492 3834 trib;
504 3785 551 3838 par
568 3768 688 3824 undecim
704 3769 792 3824 tribus
809 3769 939 3824 uirtutem
955 3771 997 3840 P;
1015 3787 1112 3826 aenam
1128 3778 1189 3826 crat
1205 3788 1251 3840 per
1271 3788 1316 3826 111
1332 3771 1427 3838 tribus,

302 3855 350 3910 aad
361 3855 560 3912 utdetarerror
570 3856 658 3922 ipatus
668 3855 765 3910 Seueri
810 3855 1024 3912 6immoemores
1035 3857 1064 3912 P
1117 3857 1254 3913 ilabeudi
1266 3858 1294 3912 P
1340 3858 1376 3916 15
1386 3857 1428 3912 iu·

303 3945 424 4011 coeptum
435 3942 478 3997 Pb
526 3940 562 3997 17
576 3941 657 3994 armis
666 3940 772 3994 nemine
781 3940 894 3996 audente
902 3944 1007 3997 tentare
1016 3944 1032 3998 b
1041 3944 1297 4011 eaiaoerpolatioee
1312 3945 1324 4011 ΙΙ
1339 3945 1428 3998 tractu

301 4028 429 4096 temporis
445 4027 562 4106 redebet
579 4026 612 4080 dc
624 4027 727 4093 Proto,
744 4028 893 4096 temporum
904 4029 994 4082 tractu
1012 4028 1104 4083 Vocet
1119 4030 1176 4084 coll.
1196 4031 1221 4096 1,
1239 4032 1280 4084 13.
1299 4030 1342 4096 11,
1360 4032 1381 4084 b.
1400 4033 1427 4083 9·

302 4114 345 4165 12.
359 4116 402 4166 33.
456 4113 493 4170 21
512 4127 550 4167 111
562 4113 602 4180 P,
620 4117 652 4166 at
669 4113 737 4168 coni.
750 4111 905 4167 Gioelieeom:
923 4115 974 4168 urb
1024 4114 1063 4171 22
1075 4113 1222 4170 chananeos
1236 4115 1264 4170 P
1309 4115 1348 4172 23
1359 4115 1427 4169 Juda

305 4199 373 4251 coci.
387 4199 523 4268 Drasiaa
541 4197 672 4268 quoniam
688 4196 722 4251 dc
739 4199 815 4252 trabea
831 4213 917 4254 acmo
935 4205 974 4254 cst
1025 4199 1064 4258 25
1081 4200 1195 4270 populus
1213 4203 1261 4255 aut
1278 4199 1394 4255 subactis
1411 4201 1427 4256 b

354 4282 391 4338 27
411 4299 542 4338 assumere
554 4284 584 4338 b:
603 4298 769 4353 assumpsere
780 4284 808 4337 P
