3050 4984
295 361 356 426 126
710 365 857 436 Sulpicii
874 365 990 421 Seueri
1004 404 1008 409 -

294 515 388 581 deret.
410 518 545 599 perstare
564 519 776 586 uehementius
790 522 865 587 flens
879 524 965 605 pater
979 523 1011 586 et
1024 536 1109 585 orare
1124 520 1160 584 ut
1174 516 1345 582 exanimem
1365 511 1422 577 ui-

265 618 416 685 dsitaret:
443 622 596 703 postremo
616 643 635 687 a
653 623 922 691 circumstantibus
942 623 1090 707 episcopis
1116 622 1160 686 ire
1180 619 1342 701 conpulsus
1362 616 1422 680 de-

295 723 413 788 seendit
431 724 471 787 ad
486 724 612 789 domum
631 727 759 808 puellae.
788 730 896 813 ingens
916 728 1008 792 turba
1021 744 1076 808 pro
1091 723 1209 789 foribus
1228 720 1421 804 expectabat,

267 825 441 906 tquidnam
456 828 514 892 Dei
529 847 634 893 seruus
653 832 732 895 essct
757 830 903 896 facturus.
926 850 961 895 ac
980 830 1117 913 primum
1136 845 1212 911 quae
1232 825 1318 890 orant
1330 822 1423 888 illius

295 927 462 995 familiaria
475 930 508 995 in
521 931 613 996 istius
628 933 712 998 modi
722 935 813 999 rebus
824 954 918 1014 arma,
931 934 994 999 solo
1006 932 1175 1015 prostratus
1187 929 1295 995 orauit.
1309 926 1423 993 deinde
1450 941 1469 980 ⁶

295 1026 418 1115 aegram
433 1033 554 1099 intuens
569 1035 635 1101 dari
650 1036 710 1101 sibi
724 1037 826 1102 oleum
840 1038 991 1120 postulat:
1015 1036 1095 1119 quod
1115 1053 1186 1099 cum
1205 1030 1421 1108 benedixisset,

295 1134 329 1199 in
343 1153 376 1199 os
390 1137 509 1217 puellae
523 1137 589 1203 uim
604 1140 703 1204 sancti
716 1141 845 1223 liquoris
865 1140 1016 1218 infundit,
1039 1138 1204 1220 statimque
1225 1154 1284 1200 uox
1298 1132 1423 1198 reddita

267 1239 351 1307 sest.
378 1240 452 1304 tuno
471 1242 621 1321 paulatim
636 1244 759 1328 singola
773 1245 914 1309 contactu
928 1244 993 1307 eius
1008 1242 1168 1323 coeperunt
1183 1238 1320 1305 membra
1330 1236 1422 1301 uiue-

297 1360 393 1421 scere,
415 1342 508 1408 donec
522 1343 654 1410 firmatis
667 1348 823 1430 gressibus
837 1347 948 1429 populo
962 1346 1040 1410 teste
1055 1344 1193 1409 surrexit.

248 1454 286 1518 17
339 1445 455 1511 Eodem
475 1447 610 1529 tempore
631 1449 786 1514 Taetradii
813 1450 971 1514 cuiusdam
991 1447 1212 1531 proconsularis
1233 1446 1294 1509 uiri
1313 1457 1468 1509 seruusm

297 1549 455 1614 daemonio
470 1553 624 1633 correptus
639 1552 767 1617 dolendo
782 1553 866 1617 exitu
886 1552 1086 1617 cmcmbatur.
1109 1551 1234 1634 rogatus
1249 1565 1320 1632 ergo
1335 1548 1421 1611 blar-

297 1651 398 1730 tinus,
420 1654 456 1716 ut
470 1653 499 1716 ei
513 1673 639 1719 manum
654 1655 824 1737 inponeret,
846 1656 954 1721 deduci
975 1674 1045 1719 eum
1066 1654 1105 1718 ad
1125 1672 1156 1717 se
1176 1652 1276 1717 iubet:
1299 1650 1351 1715 sed
1365 1669 1422 1714 ne·

298 1774 391 1836 quam
405 1756 532 1837 spiritus
546 1757 631 1821 nullo
645 1758 774 1839 proferri
788 1759 878 1823 modo
893 1758 1069 1835 (locellum,
1086 1756 1118 1821 in
1133 1774 1193 1839 qua
1207 1755 1286 1832 erat,
1301 1752 1420 1835 potuit:

269 1856 344 1921 uita
368 1858 401 1922 in
426 1858 621 1925 aduenientes
640 1861 755 1925 rabidis
784 1861 926 1926 dentibus
960 1860 1123 1925 saeuiebat.
1146 1860 1215 1923 tum
1240 1856 1421 1921 Taetradius

299 1960 339 2023 ad
352 1978 451 2044 genua
465 1961 547 2026 beati
561 1963 622 2027 uiri
637 1964 828 2043 aduoluitur,
852 1982 938 2030 orans
954 1964 990 2028 ut
1004 1963 1043 2027 ad
1057 1964 1198 2040 domum,
1226 1961 1260 2024 in
1274 1977 1334 2042 quo
1347 1959 1462 2023 doe-1⁵

299 2063 455 2129 moniacus
469 2065 652 2145 habebatur,
675 2067 741 2149 ipse
754 2067 955 2132 descenderet.
976 2067 1045 2130 tum
1059 2083 1131 2131 uero
1144 2064 1297 2130 Martinus
1310 2080 1421 2146 negare

270 2176 289 2230 3
300 2184 332 2230 se
345 2165 465 2247 profani
479 2169 510 2231 et
523 2169 649 2253 gentilis
663 2171 790 2235 domum
803 2170 887 2235 adire
900 2188 1002 2252 posse:
1017 2188 1090 2233 nam
1102 2167 1281 2232 Tsotradius
1295 2184 1329 2230 co
1339 2166 1419 2229 tcm-

298 2288 371 2351 pore
391 2271 490 2335 adbuc
509 2272 694 2355 gentilitatis
709 2292 807 2338 errore
826 2273 996 2355 implicitus
1011 2271 1179 2337 tenebatur.
1202 2269 1330 2351 spondet
1348 2285 1419 2352 ergo

271 2376 346 2452 ise,
369 2373 397 2438 si
421 2374 458 2439 de
483 2393 575 2456 puero
600 2376 728 2441 daemon
752 2376 862 2440 fuisset
886 2376 1022 2453 exactus,
1046 2373 1255 2439 Christianum
1274 2372 1346 2435 fore.
1374 2370 1420 2435 ita

300 2477 452 2542 Martinus
466 2478 600 2560 inposita
615 2500 707 2544 manu
726 2497 819 2560 puero
839 2478 1022 2543 inmundum
1043 2477 1081 2541 ab
1102 2495 1137 2541 oo
1157 2475 1301 2557 spiritum
1321 2472 1418 2538 eiecit.
1429 2494 1461 2535 ro

300 2598 360 2661 quo
386 2580 453 2645 uiso
469 2581 649 2645 Taetradius
673 2582 843 2645 Dominum
868 2581 971 2646 Iesum
991 2580 1135 2644 credidit:
1159 2579 1324 2659 statimque
1338 2576 1419 2641 cate

301 2682 468 2747 obumenus
488 2681 587 2747 factus
607 2702 661 2747 neo
680 2683 780 2747 multo
794 2684 864 2764 post
877 2683 1050 2765 baptizatus
1064 2682 1125 2760 est,
1148 2699 1323 2763 semperque
1337 2680 1420 2744 Mar-

301 2784 404 2848 tinum
417 2785 526 2849 salutis
541 2803 613 2850 suae
627 2786 782 2849 auctorem
797 2785 875 2849 miro
890 2786 985 2851 coluit
999 2786 1117 2849 affeetu.

272 2892 292 2947 5
344 2886 404 2951 Per
417 2887 500 2950 idem
509 2887 637 2969 'tempus
650 2887 684 2951 in
697 2888 803 2952 eodem
817 2889 927 2970 oppido
941 2888 1095 2973 ingressus
1109 2888 1205 2970 patris
1219 2886 1353 2951 familias
1368 2904 1421 2950 eu-

301 2989 423 3053 iusdam
438 2990 580 3069 domum,
602 2991 635 3055 in
649 2988 756 3056 limine
770 2991 836 3073 ipso
850 2992 966 3056 restitit
986 2991 1103 3070 dicens,
1126 2990 1272 3055 horribile
1291 2990 1324 3053 in
1343 2989 1421 3053 atrio
1432 3010 1463 3053 rs

302 3092 411 3157 domus
425 3093 620 3158 daemonium
635 3113 667 3158 se
681 3094 793 3158 uidere.
817 3094 866 3159 oui
887 3113 957 3160 cum
978 3095 1014 3158 ut
1028 3093 1196 3158 discederet
1214 3093 1376 3175 imperaret
1390 3093 1423 3157 et

355 3296 373 3354 3
386 3300 525 3367 expectans
533 3299 619 3354 AFV
624 3300 699 3354 loood
708 3300 764 3353 scio
772 3316 812 3353 ao
820 3304 905 3366 recte,
917 3300 1010 3353 oculto
1018 3305 1124 3353 tomen:
1138 3298 1232 3366 ingens
1241 3298 1297 3351 stet
1308 3295 1386 3350 turba
1396 3335 1402 3349 .
1414 3336 1421 3350 .

303 3387 443 3453 expectans
463 3385 532 3454 (erut
552 3389 642 3439 autem
661 3385 755 3456 ingens
776 3389 838 3439 t—
849 3387 988 3452 expectans
1009 3385 1054 3446 M,
1076 3383 1123 3437 ubi
1139 3383 1157 3437 i.
1175 3384 1195 3436 t.
1212 3400 1237 3451 p.
1251 3382 1268 3435 f.
1283 3384 1421 3451 expectans

303 3469 397 3523 aderet
415 3471 452 3539 Β)
503 3471 523 3527 4
545 3473 653 3525 aeturus
672 3471 700 3525 A
750 3472 770 3530 5
790 3472 820 3525 in
843 3471 933 3525 oruV
996 3469 1013 3525 7
1035 3468 1152 3523 infundit
1176 3470 1212 3523 V:
1232 3468 1333 3521 infudit
1351 3467 1423 3522 Amo

356 3556 452 3613 Baete
463 3556 613 3626 singularior
636 3559 663 3613 V
681 3573 738 3612 uox
753 3574 834 3611 maro
845 3563 884 3611 cot
906 3558 919 3625 ll
941 3556 1079 3625 coeperant
1089 3556 1117 3608 Δ
1139 3554 1152 3621 ΙΙ
1174 3554 1306 3608 uiuesccre
1318 3552 1422 3607 nem:

304 3643 433 3697 uiuiscerc
460 3644 487 3698 V
509 3644 573 3697 odd.
603 3661 631 3697 re
659 3661 745 3698 marro
772 3644 899 3712 antiquo,
922 3640 1122 3696 reuiuiscereF
1141 3656 1226 3707 corn,
1254 3638 1381 3693 uiuiscere
1400 3655 1419 3693 o

358 3728 396 3786 10
406 3727 554 3797 Eodemque
565 3729 599 3793 F,
612 3728 710 3783 Eodem
721 3744 840 3798 quoquae
852 3727 879 3781 A
902 3730 914 3797 Η
935 3726 1062 3781 taebadii
1077 3727 1113 3781 V:
1133 3724 1245 3779 tetradii
1255 3725 1327 3779 AFo
1346 3730 1372 3779 ct
1382 3725 1423 3780 sic

303 3815 433 3883 domem
522 3814 558 3872 12
576 3831 669 3868 manus
688 3815 720 3870 F
738 3816 751 3884 ΙΙ
772 3818 904 3883 nequi...
921 3812 952 3868 F
1036 3812 1073 3869 13
1090 3811 1255 3880 demortui)
1275 3810 1371 3864 cellule
1385 3810 1421 3864 V:

305 3900 338 3955 dc
347 3900 532 3964 eucellulaM,
541 3900 649 3954 excello
659 3899 732 3954 Arc
793 3900 830 3959 15
841 3898 1008 3953 daemonicus
1023 3899 1098 3967 Vpr.
1112 3914 1144 3951 m.
1211 3897 1247 3953 16
1260 3913 1321 3951 uero
1333 3913 1381 3951 om.
1397 3896 1426 3949 V

360 3988 396 4044 17
409 4004 439 4042 eo
449 3989 567 4054 tempore
579 3985 642 4040 ΒΜ
643 4004 650 4038 r
674 3986 764 4040 eodem
774 3987 891 4054 tempore
902 3984 1001 4039 AFVo
1054 3983 1090 4040 18
1103 3982 1209 4051 spondit
1220 3983 1286 4047 FV,
1309 3996 1417 4051 spopon-

304 4075 471 4130 dithorr.
492 4073 505 4140 ΙΙ
524 4071 636 4141 igituro
701 4071 1024 4137 20obeoorqur.m.
1092 4069 1129 4125 21
1142 4067 1246 4122 domino
1262 4068 1310 4121 rliu
1325 4068 1360 4133 V,
1375 4066 1422 4122 do-

306 4161 410 4216 minum
428 4162 548 4214 nostrum
567 4157 593 4212 J.
614 4157 672 4211 AF
736 4156 775 4212 22
791 4154 975 4210 multumAF
1034 4154 1073 4210 24
1090 4154 1160 4207 ineo
1175 4153 1202 4208 V
1255 4153 1292 4212 25
1310 4152 1422 4207 horribi-

307 4246 509 4301 leminutriiV
576 4243 614 4301 26
632 4241 799 4297 descenderet
814 4241 840 4295 V
859 4243 872 4310 ll
894 4242 921 4295 et
932 4242 1035 4310 patrem
1046 4238 1164 4293 familias
1185 4239 1221 4293 V:
1239 4254 1327 4293 cocum
1338 4238 1421 4308 patris

308 4330 426 4385 familias
438 4331 505 4395 ΒΜ,
518 4328 648 4399 quendam
660 4344 674 4382 e
685 4328 790 4382 familia
801 4328 873 4381 AVo
