3050 4984
1137 350 1282 420 Cap.
1325 350 1564 408 17—18.
2333 356 2455 420 103

199 507 547 594 substantia
574 507 839 571 hominis
868 507 1183 572 inmortali
1214 507 1439 590 pabulo
1469 507 1801 591 saginetur.
1838 506 1975 588 quis
2007 507 2100 571 est
2126 507 2335 573 autem
2355 508 2457 573 hic
2478 515 2511 569 3

197 610 373 693 panis
404 610 508 675 uel
537 612 697 692 quod
726 611 1018 693 poculum
1048 611 1113 675 in
1141 609 1320 675 libris
1344 609 1687 676 Salomonis
1719 609 2023 693 sapientia
2051 629 2278 694 magna
2309 630 2457 677 uoce

197 713 584 796 proclamat?
628 713 716 777 ait
746 713 946 805 enim:
990 705 1305 792 ‘uenite‚
1350 714 1816 779 manducate
1860 714 1949 776 de
1993 713 2191 777 meis
2235 717 2457 797 pani-

198 818 340 882 bus
388 818 462 881 et
511 816 758 881 bibite
801 816 1072 881 uinum
1117 817 1315 899 quod
1359 804 1718 882 miscui':
1780 818 1843 881 et
1873 816 2323 881 Melchisedech
2352 839 2450 883 rex

159 944 180 982 5
199 920 408 985 Salem
459 921 521 985 et
575 926 849 987 sacerdos
903 920 1133 985 summi
1174 921 1292 985 Dei
1333 920 1667 985 reuertenti
1706 919 1992 985 Abrahae
2039 939 2181 985 cum
2210 940 2364 1003 pane
2394 923 2454 983 et

198 1025 345 1089 uino
377 1024 817 1089 benedictionis
849 1024 1079 1107 optulit
1109 1024 1394 1110 gratiam.
1443 1026 1617 1089 Isaac
1646 1024 1834 1089 etiam
1876 1043 2019 1089 cum
2057 1024 2239 1089 Iacob
2269 1025 2450 1089 bene·—

200 1127 479 1207 dixisset,
512 1149 654 1194 cum
682 1129 796 1193 hoc
825 1128 993 1193 idem
1022 1129 1189 1193 Esau
1219 1149 1256 1194 a
1283 1131 1456 1211 patre
1486 1128 1853 1212 suppliciter
1885 1129 2174 1213 exigeret,
2208 1144 2450 1209 respon-

201 1232 296 1295 dit
328 1232 386 1297 61
415 1232 619 1313 pater:
649 1220 1121 1311 ‘dominum',
1167 1232 1400 1314 inquit,
1445 1227 1696 1297 ‘illum
1738 1231 1893 1297 feci
1937 1232 2153 1295 tuum
2196 1231 2269 1295 et
2310 1249 2450 1294 om-

200 1352 334 1399 nes
380 1334 678 1400 fratres
725 1335 888 1399 eius
933 1334 1089 1399 feci
1133 1353 1435 1412 seruoS‚
1502 1335 1789 1400 tritico
1835 1335 1907 1400 et
1950 1336 2127 1399 uino
2174 1333 2454 1398 confir-

135 1437 402 1507 mmaui
431 1426 703 1505 illum'.
736 1439 884 1503 tunc
912 1439 1077 1502 Esau
1105 1456 1282 1503 casus
1312 1456 1451 1503 suos
1479 1438 1705 1502 misera
1730 1438 2166 1502 lamentatione
2189 1436 2450 1509 defleuit.

199 1542 347 1624 quia
374 1541 572 1605 tritici
619 1542 682 1606 et
710 1542 842 1605 uini
857 1523 887 1620 ‚⁴
916 1541 983 1605 id
1030 1542 1125 1606 est
1176 1539 1420 1606 futurae
1472 1540 1793 1605 felicitatis
1843 1539 2114 1623 perdidit
2163 1541 2450 1624 gratiam.

199 1644 366 1726 quod
397 1646 609 1710 autem
637 1644 1001 1710 consecratis
1029 1644 1383 1709 hominibus
1415 1664 1452 1709 a
1480 1645 1610 1709 Deo
1639 1644 1814 1725 panis
1845 1643 2097 1707 diuinus
2127 1644 2246 1708 iste
2277 1665 2450 1726 prae-
2478 1659 2514 1711 21-

0 1767 4 1814 ι
199 1749 413 1816 stetur.
436 1767 543 1829 per
570 1748 822 1812 Esaiam
853 1747 1008 1813 dicit
1037 1747 1294 1831 spiritus
1326 1749 1602 1813 sanctus:
1647 1740 1780 1813 ‘sic
1823 1748 2025 1812 dicit
2067 1747 2450 1813 dominus:

201 1869 382 1915 6666
439 1852 572 1932 qui
629 1850 990 1915 seruiunt
1056 1851 1249 1914 mihi
1314 1852 1932 1930 manducabunt,
2007 1869 2141 1915 uos
2196 1853 2446 1916 autem

0 1908 39 2109 ,’
140 1953 618 2020 1⁵esurietis:
666 1973 835 2019 ecce
869 1954 1000 2036 qui
1032 1955 1382 2018 seruiunt
1409 1954 1601 2019 mihi
1631 1954 2292 2035 iocundabuntur,
2323 1977 2454 2020 uos

200 2056 819 2135 confundemini,
866 2075 999 2122 uos
1043 2058 1497 2123 interficiet
1541 2049 1930 2123 dominus?
1979 2077 2100 2123 non
2123 2059 2325 2124 solum
2346 2081 2454 2142 pa-

7 0 51 450 ἔ»

4 492 15 913 Ξ

0 2173 1 2222 l
60 2223 61 2252 ¹
196 2162 295 2227 nis
347 2162 469 2225 iste
521 2180 559 2225 a
603 2162 734 2225 Deo
774 2162 783 2244 Ι
823 2179 1064 2226 summo
1116 2161 1430 2245 sacrilegis
1482 2162 1546 2226 et
1597 2162 1808 2244 impiis
1838 2162 2207 2246 denegatur,
2256 2161 2364 2226 sed
2394 2171 2454 2227 et
2590 2187 2670 2215 ιτα--

196 2285 394 2347 poena
423 2265 812 2348 promittitur
853 2265 916 2329 et
956 2265 1205 2329 acerbae
1236 2264 1453 2329 mortis
1506 2264 1913 2329 decernuntur
1941 2265 2127 2329 exitia
2141 2314 2156 2342 ,
2201 2267 2274 2329 ut
2315 2284 2450 2331 esu-

74 2433 75 2446 ,
196 2368 501 2433 rientibus
532 2367 812 2432 faucibus
854 2368 1102 2432 diuinae
1143 2367 1692 2432 animaduersionis
1734 2368 1933 2433 exitus
1975 2368 2308 2451 ingeratur.
2357 2388 2448 2435 se-
2478 2383 2510 2431 52

0 2534 1 2557 ἶ
78 2472 79 2489 ’
132 2495 179 2534 20
196 2472 423 2535 cuntur
474 2470 665 2535 etiam
715 2470 831 2535 hoc
881 2469 1049 2534 idem
1089 2470 1388 2535 tricesimi
1431 2471 1494 2535 et
1522 2470 1697 2535 tertii
1726 2471 1953 2553 psalmi
1982 2471 2327 2535 ueneranda
2356 2491 2450 2535 re-

86 2587 87 2590 ’
195 2591 453 2654 sponsa,
500 2572 591 2636 ait
633 2572 798 2636 enim
839 2591 948 2656 per
994 2571 1202 2638 Dauid
1232 2573 1486 2656 spiritus
1516 2575 1790 2639 sanctus:
1835 2566 2182 2657 ‘gustate
2226 2575 2300 2637 et
2342 2575 2446 2639 ui-

196 2676 369 2739 dete
415 2674 777 2756 quoniam
821 2675 1091 2740 dulcis
1149 2677 1267 2741 est
1322 2666 1725 2743 dominus'.
1801 2678 1979 2742 dulce
2040 2678 2133 2742 est
2192 2676 2446 2741 caeleste.

193 2778 495 2860 pabulum
509 2827 524 2856 ‚
571 2778 771 2842 dulcis
812 2778 928 2842 Dei
968 2778 1175 2842 cibus:
1221 2798 1334 2844 nec
1361 2779 1550 2844 habet
1577 2780 1645 2844 in
1673 2798 1737 2844 se
1766 2780 2025 2844 miserae
2055 2780 2238 2845 famis
2270 2780 2446 2844 triste

193 2883 579 2946 tormentum
609 2881 671 2944 et
701 2881 776 2945 de
806 2881 1097 2945 medullis
1127 2882 1336 2947 homin
1344 2903 1450 2947 um
1479 2883 1863 2966 procedentis
1892 2883 2111 2947 ueneni
2142 2884 2312 2947 uirus
2344 2904 2446 2949 ex*

126 3006 172 3048 15
193 2986 410 3051 cludit.
458 2984 697 3049 ethaeo
727 2984 818 3049 ita
847 3002 976 3049 esse
1007 2986 1320 3067 sequentia
1361 2987 1595 3051 oraculi
1636 3006 1922 3069 responsa
1970 2988 2312 3066 declarant,
2359 2987 2446 3051 ait

192 3091 390 3154 enim:
435 3081 730 3153 ‘timete
774 3089 1170 3152 dominum
1215 3090 1470 3153 sancti
1501 3090 1695 3169 eiuS‚
1743 3090 1924 3172 quia
1951 3108 2098 3155 non
2128 3091 2252 3156 est
2292 3090 2442 3154 ine-

191 3195 325 3277 pia
371 3193 486 3257 eis
532 3192 665 3273 qui
711 3192 1071 3256 metuunt
1115 3212 1302 3257 eum.
1353 3193 1659 3258 diuites
1705 3193 2099 3276 eguerunt
2156 3195 2229 3257 et
2283 3211 2442 3257 esu-

192 3296 536 3373 rierunt,
605 3296 737 3377 qui
793 3297 1055 3361 autem
1115 3295 1531 3378 inquirunt
1572 3297 1995 3361 Dominum
2048 3314 2193 3360 non
2246 3295 2442 3359 indi-

194 3399 493 3483 gebunt
535 3400 739 3463 omni
783 3387 1014 3463 bono.'
1083 3399 1189 3481 qui
1234 3400 1323 3463 sic
1369 3400 1434 3464 in
1474 3400 1708 3482 templo
1748 3400 2165 3480 praetextatus
2192 3398 2442 3475 incedis,
2474 3419 2502 3463 ιε.

194 3502 308 3585 qui
335 3502 538 3586 fulges
584 3523 883 3585 purpura,
932 3503 1105 3568 cuius
1159 3503 1342 3586 caput
1385 3503 1493 3567 aut
1548 3522 1693 3567 auro
1743 3502 2046 3585 premitur
2096 3502 2205 3565 aut
2253 3502 2442 3575 lauru,

404 3705 441 3760 3
478 3704 585 3759 Sal.
610 3706 768 3759 Prou.
796 3704 848 3770 9,
875 3705 927 3764 5.
1002 3704 1040 3762 8
1067 3706 1252 3761 Grenes⁸
1281 3705 1374 3770 27,
1402 3704 1491 3762 37.
1571 3706 1647 3761 13
1671 3706 1774 3759 Ι66.
1802 3705 1895 3771 65,
1924 3705 1997 3761 13
2024 3706 2078 3758 et
2106 3705 2197 3764 15.
2267 3707 2330 3759 21
2358 3707 2446 3759 Pe.

218 3790 292 3854 13,
321 3790 371 3845 9.
479 3790 551 3847 26
587 3791 660 3845 ib.
686 3807 736 3844 u.
764 3790 837 3848 10
861 3806 937 3859 sq.

303 3980 332 4032 1
368 3979 598 4033 nominis
623 3980 679 4033 P
735 4040 741 4053 ἱ
781 3980 818 4035 2
855 3979 995 4048 quod
1016 3980 1264 4048 poculum
1289 3981 1367 4034 P:
1407 3980 1547 4049 quod
1568 3981 1816 4049 poculum
1839 3979 1904 4034 de
1927 3995 2029 4049 quo
2055 3980 2177 4034 edd.
2284 3981 2321 4037 3
2357 3997 2446 4034 ue-

260 4065 313 4118 te
338 4067 392 4118 et
416 4082 453 4118 a
497 4073 510 4084 '
590 4065 627 4122 6
663 4066 850 4120 malim
872 4065 1228 4120 benedixisset
1262 4067 1317 4119 et
1352 4082 1471 4119 cum
1610 4067 1641 4119 7
1678 4082 1710 4119 a
1734 4082 1831 4120 om.
1860 4066 1915 4119 P
1922 4086 1942 4133 ,-
1971 4072 2102 4134 post
2123 4067 2277 4134 patre
2302 4066 2446 4119 duur

275 4166 378 4205 sue
418 4152 635 4206 litterae
674 4168 863 4205 erasae
912 4158 1047 4207 sunt
1207 4151 1245 4209 8
1291 4153 1471 4222 inquit
1506 4170 1606 4207 om.
1651 4171 1688 4207 a
1732 4154 1756 4221 ΙΙ
1801 4155 1955 4206 tuum
1996 4152 2101 4206 feci
2146 4153 2302 4205 illum
2342 4168 2379 4204 a

300 4254 436 4307 pena
450 4239 522 4306 P,
548 4245 613 4293 ut
633 4254 844 4306 semper
877 4239 901 4306 11
935 4254 1119 4305 acerue
1145 4239 1201 4292 P
1284 4239 1358 4294 24
1392 4239 1724 4308 procedentis
1748 4255 1878 4292 nos:
1904 4237 2268 4307 praecedentis
2289 4240 2378 4292 Pa

293 4322 370 4377 zet
392 4341 490 4378 om.
519 4341 555 4377 a
659 4323 738 4380 30
773 4323 941 4392 fulgis
967 4325 1024 4377 P
1068 4326 1091 4392 Η
1139 4340 1264 4377 auro
1290 4327 1385 4392 aut
1408 4325 1559 4379 lauro
1581 4325 1842 4393 premitur
1866 4341 1902 4377 a
