3050 4984
279 402 368 455 XXIV

280 563 385 659 plum
412 562 519 636 uerbi
553 560 662 635 medii
705 571 771 633 aut
811 560 1031 659 deponentis
1069 560 1247 658 inspuere
1287 558 1412 633 adhue

286 683 484 754 inuentum
512 681 569 756 sit.
597 679 887 755 Heumannus
921 690 1040 772 recte,
1068 682 1108 754 ni
1141 680 1327 779 fallimur,
1354 680 1412 753 sit-

284 803 424 901 spr'raat
446 802 624 893 correxit,
649 802 713 875 sed
735 802 885 875 dubites
908 812 1035 875 utrum
1059 826 1144 876 eum
1167 826 1211 875 eo
1232 800 1411 898 ineptiunt

281 920 421 996 autr'bus
448 947 494 996 an
524 947 610 995 cum
637 920 885 995 Dombarto
913 922 1092 1020 aneptrant
1117 934 1215 995 uates
1247 920 1410 994 seriben-

279 1042 371 1116 dum
411 1042 468 1115 sit.
510 1041 579 1114 hoe
620 1043 881 1139 praetulimus,
926 1043 1105 1139 quoniam
1139 1038 1346 1141 Cyprianus
1385 1041 1410 1114 l.

280 1187 309 1240 e.
333 1166 369 1252 4,
394 1165 415 1234 3
445 1162 561 1235 uerba
586 1159 738 1235 Minucii
771 1163 823 1236 sie
860 1163 1058 1260 expressit:
1102 1160 1143 1235 hi
1177 1162 1307 1258 afflatu
1344 1186 1410 1234 suo

278 1295 403 1357 uatum
414 1296 564 1381 pectora
580 1281 770 1380 inspuunt.
788 1283 959 1380 exempla
977 1282 1084 1356 uerbi
1101 1281 1309 1379 inspirandi
1323 1304 1411 1353 curn

280 1403 407 1476 datiuo
435 1403 552 1476 iuncti
579 1402 781 1475 admodum
804 1428 893 1475 rara
918 1412 1017 1491 sunt,
1045 1401 1111 1475 sed
1136 1427 1214 1474 non
1236 1400 1411 1475 adferun-

279 1533 342 1597 tur
369 1524 438 1597 nisi
459 1524 557 1613 talia,
584 1525 622 1595 in
650 1524 787 1619 quibus
813 1523 991 1621 rnspa'rare
1017 1547 1130 1596 sensu
1157 1521 1309 1619 proprio
1332 1520 1408 1593 die·

278 1654 361 1717 tum
389 1655 454 1733 est,
483 1644 589 1716 utin
617 1639 773 1731 Quintil.
799 1644 899 1716 instt.
927 1652 1039 1718 oratt.
1065 1641 1112 1733 X,
1137 1645 1171 1733 3,
1196 1644 1260 1713 24:
1295 1640 1407 1739 iaspi-

279 1777 399 1838 runtes
425 1762 536 1837 rumis
567 1761 736 1836 arborum
762 1788 876 1836 aurae
902 1764 1156 1859 uolucrumque
1182 1773 1319 1835 cantus.

335 1882 460 1974 aaa,
488 1888 505 1955 1
536 1880 719 1956 Octauius
748 1883 981 1957 demonstrat
1012 1883 1124 1956 deum
1156 1883 1283 1955 omnia
1316 1882 1411 1957 seire

280 2004 522 2101 omniumque
544 2028 673 2076 rerum
696 2027 824 2075 euram
847 2028 967 2103 agere,
994 2004 1033 2075 in
1056 2028 1132 2101 qua
1155 2002 1410 2100 disputatione

282 2124 454 2221 exempla
480 2123 635 2221 uulgata
659 2124 730 2195 hoe
757 2123 912 2196 habent:
941 2148 1037 2221 repes
1062 2136 1200 2197 tuntum
1225 2124 1329 2220 nepai
1351 2124 1414 2198 sui

273 2269 344 2341 per
372 2242 492 2341 officia
518 2243 762 2317 msuestrorum
789 2244 958 2318 uniuersa
983 2269 1135 2318 nouere.-
1175 2245 1238 2317 deo
1265 2243 1410 2317 indicias

282 2390 371 2463 opus
396 2388 469 2437 noa
495 2378 561 2438 est.-
586 2388 659 2437 non
686 2367 799 2440 solum
824 2364 865 2437 in
891 2364 1003 2438 oculis
1025 2361 1109 2455 azias,
1132 2366 1194 2437 sed
1214 2376 1244 2437 et
1266 2364 1305 2437 in
1327 2364 1411 2438 sinu

279 2485 446 2561 uiuamus.
473 2486 512 2557 in
539 2486 597 2558 his
623 2486 757 2560 uerba:
786 2482 932 2582 repes.
958 2470 1095 2558 nouere'
1122 2510 1200 2557 non
1233 2508 1308 2556 uno
1341 2509 1409 2556 no·

279 2606 380 2678 mine
417 2606 551 2678 uitiosa
588 2632 668 2680 esse
706 2614 877 2704 apparet3
921 2606 1085 2702 primurn
1122 2606 1221 2677 enim
1258 2616 1407 2695 tuntum,

279 2749 374 2822 quae
401 2735 458 2798 est
484 2727 617 2799 infelix
644 2725 856 2800 emendatio
884 2727 1052 2799 lectionis
1092 2726 1317 2823 deprauatae
1355 2735 1407 2797 tu·

280 2870 374 2933 mea,
404 2846 607 2919 sententiae
633 2871 709 2919 non
737 2846 927 2935 conuenit3
965 2871 1052 2919 nam
1077 2870 1155 2918 non
1181 2840 1276 2917 illud
1299 2868 1407 2941 quae·

281 2966 392 3055 nitur,
420 2966 689 3038 uniuersumne
712 2968 820 3065 regni
847 2967 906 3040 sui
933 2976 1072 3039 statum
1105 2967 1228 3038 solum
1260 2990 1308 3036 an
1335 2965 1407 3035 sin·

280 3086 455 3183 gularum
482 3110 630 3183 quoque
657 3089 823 3185 partium
855 3112 963 3185 reges
995 3087 1185 3175 nouerint,
1230 3082 1296 3157 sed
1336 3084 1409 3157 hoc

279 3231 397 3278 unum
426 3205 625 3280 dicendum
653 3219 730 3282 erat
761 3208 914 3307 regibus
955 3209 1003 3279 ad
1038 3208 1145 3305 regni
1186 3206 1245 3277 sui
1281 3215 1408 3302 partes

279 3326 485 3400 noscendas
523 3328 643 3401 alieno
684 3328 889 3401 ministerio
928 3353 1023 3425 opus
1051 3351 1139 3400 esse.
1167 3325 1232 3398 sed
1258 3335 1301 3397 ut
1327 3337 1407 3398 tua-

280 3458 354 3521 tum
379 3447 457 3519 ulla
482 3449 627 3521 ratione
652 3474 719 3547 per
745 3448 966 3521 sententiam
991 3447 1081 3519 ferri
1102 3446 1235 3544 possit,
1264 3454 1409 3518 certea

279 3567 462 3640 uocabulo
490 3569 676 3658 uniuersa,
705 3568 753 3641 ad
781 3567 883 3666 quod
910 3568 1031 3641 solum
1057 3567 1269 3664 pertineret,
1301 3574 1407 3637 tanto

280 3689 478 3761 interuallo
505 3714 582 3761 non
608 3698 754 3787 poterat
782 3689 955 3787 disiungi.
984 3688 1116 3762 deinde
1153 3685 1290 3758 locutio
1326 3686 1409 3783 ipsa

280 3808 446 3906 119111-
464 3810 633 3883 uniuersa
658 3834 759 3883 nosse
786 3810 853 3882 uix
879 3809 998 3881 latina
1025 3818 1099 3897 est,
1145 3805 1275 3878 saltem
1316 3806 1408 3878 alias

280 3927 468 4002 Minucius
496 3931 615 4027 aptius
643 3929 765 4003 dicere
798 3930 903 4003 solet.
948 3929 1014 4003 sed
1038 3952 1115 4000 non
1142 3949 1236 4022 opus
1263 3933 1341 3996 erat
1368 3925 1408 3997 in

282 4050 339 4122 his
367 4050 494 4122 uerbis
531 4075 668 4122 nouam
706 4049 927 4124 emendandi
963 4049 1065 4121 uiam
1102 4070 1298 4143 quaerere,
1320 4068 1407 4117 curn

281 4168 521 4242 iamdudum
545 4167 770 4242 Meursius
793 4168 885 4267 quid
907 4168 1090 4256 sententia
1124 4165 1308 4262 flagitaret
1343 4188 1406 4260 op·

282 4290 370 4361 time
392 4291 660 4386 perspexisset:
701 4315 799 4386 repes
829 4301 957 4363 statum
987 4288 1091 4386 repsi
1113 4286 1173 4360 sui
1188 4309 1259 4383 per
1286 4283 1407 4383 officia
