3050 4984
285 375 345 437 108
689 370 831 424 Firmioi
849 369 996 423 Materni

281 528 356 591 tutis
371 527 428 591 hoo
443 526 618 610 specialiter
632 526 867 609 conprehendit,
890 526 936 591 ait
950 525 1049 589 onim:
1069 517 1119 589 ‘et
1141 542 1228 589 auos
1234 522 1293 606 pit
1314 522 1411 604 lapi-

284 631 364 696 dem
388 650 564 715 magnum
598 632 636 695 et
669 631 818 695 statuit
852 650 938 694 eum
969 630 1104 693 eontra
1131 627 1333 692 dominum.
1372 630 1413 691 et

167 734 340 810 r01.20s,ait
362 735 501 798 Hiesus
523 734 569 798 ad
591 734 790 815 populum:
813 751 899 798 eooe
927 732 1028 813 lapis
1050 732 1126 796 iste
1149 730 1228 794 erit
1249 730 1348 793 mihi
1369 729 1414 793 in

282 837 555 901 testimoniam
587 837 681 917 quio
713 837 794 902 iste
821 835 985 900 oodioo‘t
1018 834 1145 900 omnia
1177 853 1275 914 qaae
1306 832 1416 897 dioto

282 943 372 1005 sunt
395 960 413 1004 a
435 940 600 1018 domino,
632 940 790 1022 quando
812 940 998 1021 loquutus
1021 939 1079 1002 est
1101 936 1150 1000 od
1171 954 1255 1015 uos,
1279 938 1316 1001 et
1338 935 1452 999 eriis

281 1043 356 1108 iste
371 1042 482 1107 uobis
499 1043 772 1108 testimonium
793 1042 836 1106 io
851 1041 1063 1107 nouissimo
1079 1040 1249 1118 dierum,
1265 1039 1416 1121 quando

250 1147 533 1222 4reoessera‘tis
555 1167 574 1211 a
596 1146 752 1211 domino
774 1134 930 1211 uestro?
952 1144 1033 1227 quod
1048 1146 1154 1209 autem
1168 1162 1222 1227 per
1237 1141 1415 1223 hunolapi·

282 1249 368 1327 dem,
391 1249 424 1312 id
451 1251 497 1313 est
523 1268 577 1331 per
603 1249 765 1314 dominum
789 1251 930 1313 nostrum
944 1249 1050 1313 Iesum
1064 1246 1234 1326 Christum,
1251 1248 1282 1311 et
1297 1245 1342 1309 dii
1357 1245 1414 1309 isti

284 1353 383 1417 oasuri
410 1352 472 1416 sint
498 1355 529 1417 et
555 1352 724 1418 multitudo
751 1354 939 1433 templorum
965 1353 1070 1433 aperte
1084 1350 1219 1415 Danihel
1233 1348 1417 1414 uenerandis

284 1455 416 1520 oraeulis
433 1456 615 1539 erphoauit:
632 1456 678 1520 ait
693 1456 777 1520 enim
792 1474 864 1520 oum
878 1454 1134 1538 interpretaretur
1148 1453 1304 1517 somnium
1317 1451 1458 1535 registro

282 1534 333 1622 <et
356 1577 439 1623 eooe
461 1559 601 1643 imago,
625 1559 750 1642 imago
774 1558 889 1623 nimis
904 1578 1055 1642 magna,
1078 1557 1115 1621 et
1137 1554 1415 1635 contemplatio

284 1661 409 1744 ipsius
431 1661 614 1744 imaginis
630 1661 847 1739 metuenda,
871 1662 908 1725 et
929 1662 1033 1725 elata
1055 1659 1186 1724 stabat
1208 1661 1341 1724 eontra
1361 1660 1415 1721 te:

284 1764 393 1829 cuius
427 1766 545 1847 eaput
578 1764 657 1829 fuit
691 1784 732 1829 ex
765 1782 855 1828 auro
890 1764 998 1842 bono,
1031 1765 1164 1845 peetus
1193 1764 1230 1827 et
1257 1763 1418 1829 braohia

284 1868 366 1931 eius
389 1868 586 1950 argentea,
610 1870 744 1932 uenter
767 1869 803 1930 et
825 1868 970 1931 femora
991 1886 1114 1945 aerea,
1145 1866 1263 1947 pedes
1286 1868 1419 1931 autem

285 1989 328 2033 ex
360 1971 469 2053 parto
502 1970 653 2052 quidem
686 1970 819 2048 ferrei,
863 1989 904 2035 ex
936 1971 1046 2051 parto
1076 1971 1206 2034 autem
1240 1968 1457 2034 fietilestrs

284 2073 529 2155 quoadusque
551 2073 726 2139 absoisus
749 2076 808 2139 est
835 2074 938 2155 lapis
967 2073 1011 2137 de
1039 2073 1165 2137 monte
1188 2072 1272 2137 sine
1294 2072 1417 2137 mani-

265 2175 356 2240 ·bus
380 2176 670 2241 oonoidentium
693 2179 730 2242 et
751 2178 948 2259 pereussit
975 2176 1188 2259 imaginem
1215 2194 1331 2257 super
1353 2195 1416 2258 pe-

286 2279 349 2344 des
371 2278 517 2344 ferreos
540 2281 577 2344 ot
599 2280 752 2345 fietiles
775 2281 812 2345 et
841 2280 1063 2345 oomminuit
1094 2298 1155 2344 eos
1186 2279 1418 2343 minutatim

285 2383 321 2447 et
343 2382 492 2447 laetum
515 2384 575 2447 est
597 2384 716 2447 simul
738 2382 935 2469 ferrumet
955 2384 1075 2463 testa,
1099 2385 1136 2447 et
1151 2383 1418 2447 aeramentum

284 2486 321 2549 et
343 2486 543 2569 argentum
566 2487 602 2550 et
625 2505 757 2550 aurum
780 2486 883 2551 faota
916 2487 1004 2551 sunt
1036 2487 1190 2554 minuta
1216 2485 1327 2568 quasi
1354 2503 1457 2566 pa-ro

284 2588 358 2667 lea,
381 2590 423 2653 ut
444 2588 576 2670 puluis
598 2589 639 2653 in
661 2608 747 2654 area
769 2590 933 2668 aestate,
956 2591 993 2653 et
1008 2589 1417 2654 uentilaoitillaueo·

284 2696 350 2754 tos
370 2692 427 2757 ita
450 2693 491 2756 ut
512 2691 616 2755 nihil
637 2692 872 2757 remanserit
894 2693 932 2756 in
954 2692 1056 2757 illis:
1080 2695 1117 2758 et
1132 2693 1233 2774 lapis
1249 2692 1314 2774 qui
1333 2709 1417 2774 per-

286 2795 411 2859 eussit
433 2795 644 2878 imaginem
667 2794 797 2859 faetus
819 2798 879 2860 est
900 2814 1004 2860 mons
1026 2813 1186 2880 magnus
1214 2797 1251 2859 et
1278 2795 1414 2877 imple-

255 2897 343 2964 5uit
365 2898 487 2961 totam
508 2886 675 2961 terram'
698 2898 751 2980 qui
777 2897 862 2962 loous
888 2898 921 2963 in
942 2900 1025 2966 terra
1045 2901 1093 2964 est
1114 2918 1206 2981 quem
1220 2917 1281 2963 non
1296 2895 1415 2962 Christi

283 2998 452 3082 possederit
466 3003 600 3064 nomen?
622 3019 682 3082 qua
696 3001 742 3066 sol
757 3001 872 3079 oritur,
896 3021 956 3084 qua
970 3002 1097 3081 oceidit,
1121 3020 1182 3084 qua
1195 3001 1328 3085 erigitur
1342 3019 1415 3081 sep·
1427 3019 1456 3061 2⁵

283 3102 446 3181 temtrioo‚
470 3121 530 3184 qua
545 3103 646 3187 uergit
661 3104 779 3182 auster,
802 3105 904 3169 totum
920 3104 1086 3170 uenerandi
1107 3105 1247 3170 nominis
1267 3104 1417 3169 maiestas

283 3206 444 3289 impleuit,
468 3208 500 3271 ot
520 3206 594 3271 lieet
620 3207 720 3272 adhue
745 3208 778 3271 in
804 3208 991 3289 quibusdam
1015 3208 1193 3293 regionibus
1219 3207 1415 3273 idololatriae

283 3309 445 3373 morientia
459 3309 614 3391 palpitent
629 3311 782 3390 membro,
797 3312 902 3376 tamen
916 3312 949 3376 in
964 3330 998 3376 eo
1013 3330 1062 3377 res
1077 3313 1174 3376 estut
1190 3330 1206 3376 e
1222 3310 1416 3376 Christianis

283 3412 425 3477 omnibus
451 3414 542 3477 terris
568 3413 751 3495 pestiferum
776 3414 833 3479 hoe
859 3416 979 3479 malum
1002 3416 1142 3479 funditus
1162 3415 1350 3497 amputetur.
1376 3415 1415 3481 de

285 3514 519 3581 idololatrarum
533 3515 648 3597 lapide,
672 3517 710 3581 de
725 3536 785 3598 qno
800 3516 908 3583 dieunt
922 3510 1003 3593 θεὸς
1023 3515 1058 3582 ἐκ
1080 3516 1217 3603 πέτρας,
1241 3517 1322 3599 quod
1343 3535 1417 3601 pro·
1432 3536 1463 3577 oo

285 3617 447 3700 phetarum
472 3618 628 3699 respondit
654 3619 834 3684 oraculum?
857 3620 907 3684 oui
927 3621 1032 3684 autem
1049 3620 1231 3685 restititsed
1246 3621 1296 3685 oui
1311 3620 1418 3702 parcit

254 3719 338 3785 siste
364 3722 466 3805 lepis?
487 3720 567 3801 lapis
595 3722 701 3786 autem
720 3722 772 3787 hie
792 3724 933 3803 sanetus,
956 3722 989 3786 id
1004 3724 1052 3788 est
1066 3721 1223 3802 Christus,
1247 3724 1302 3788 aut
1316 3722 1388 3788 fidei
1414 3709 1419 3793 Ι

387 3907 403 3962 1
423 3906 505 3960 Josua
516 3906 562 3974 24,
575 3907 619 3963 26.
674 3908 710 3964 11
730 3909 797 3963 Dan.
811 3909 838 3973 2,
852 3909 889 3966 31
904 3925 960 3978 sqq.

335 4078 439 4134 3Iesus
450 4096 467 4133 o
479 4080 490 4146 Η
503 4080 566 4148 erit]
576 4080 606 4133 in
613 4079 661 4146 fol.
670 4078 723 4135 20¹>
737 4081 766 4133 et
775 4079 827 4135 212
840 4091 939 4134 rursus
947 4080 1036 4134 molto
1045 4087 1222 4135 amoenos
1266 4080 1284 4137 6
1297 4080 1376 4135 nobis
1389 4081 1421 4136 in

282 4164 463 4217 testimonioa
499 4164 835 4221 rooraoulaa:oou1a1³
872 4165 1242 4222 1111111111>;1111.111.
1280 4166 1422 4237 aopauea

280 4252 381 4303 etutu
433 4250 472 4306 24
484 4250 544 4319 quis
556 4249 657 4304 loeusa
672 4252 685 4319 ΙΙ
700 4266 779 4319 quem
792 4268 824 4304 a:
838 4252 924 4319 quiP
969 4252 1008 4310 25
1022 4252 1168 4321 septentrio
1180 4252 1241 4307 edd.
1290 4253 1328 4309 27
1343 4253 1418 4308 idolo

280 4334 361 4387 latria
374 4336 401 4387 P
464 4335 503 4391 30
520 4335 694 4390 idolatrorum
710 4337 754 4390 Pa
818 4336 855 4393 31
874 4337 980 4391 resistit
1001 4355 1030 4403 a,
1049 4338 1154 4391 restitit
1176 4338 1318 4407 Bromium
1343 4356 1417 4394 aero-
