3050 4984
278 356 341 421 130
602 352 746 409 Firmici
762 354 911 408 Materni
929 353 1001 425 Cap.
1021 354 1067 411 29.

273 510 374 575 Deus
396 511 485 576 tuus
508 510 573 575 dat
594 509 672 575 tibi
692 509 916 577 inhabitare
937 510 1041 590 illic,
1064 511 1253 578 dicentes:
1276 530 1405 577 eamus

276 614 313 679 et
334 613 551 679 seruiamus
566 613 642 677 diis
658 613 765 693 aliis,
789 631 881 695 quos
902 632 974 679 non
995 616 1135 680 nostis:
1157 615 1405 682 interficiens

275 717 428 782 necabis
450 736 578 783 omnes
600 716 736 799 quiqui
758 718 907 783 suntin
935 718 1101 784 ciuitate
1135 718 1246 784 caede
1279 719 1407 803 gladii

275 820 312 885 et
344 820 524 886 incendes
557 820 764 887 ciuitatem
798 822 882 907 igni
903 823 941 887 et
962 823 1038 887 erit
1060 824 1141 888 sine
1163 823 1405 901 habitaculo,

275 942 346 989 non
368 923 650 990 aedificabitur
677 925 716 990 in
738 928 952 1005 aeternum,
986 927 1028 991 ut
1060 928 1266 992 auertatur
1288 927 1407 992 domi·
1430 942 1443 979 ‹¹›

164 1048 344 1101 rues-,nus
366 1029 411 1094 ab
432 1029 702 1114 indignatione
723 1030 804 1096 irae
827 1048 931 1095 suae:
951 1031 955 1112 l
975 1032 1012 1096 et
1034 1031 1144 1096 dabit
1166 1030 1406 1097 tibimiseri-

277 1133 445 1199 cordiam
477 1133 513 1198 et
544 1133 799 1201 miserebitur
830 1135 888 1201 tui
917 1136 954 1200 et
975 1135 1265 1219 multiplicabit
1287 1136 1339 1214 te,
1374 1136 1408 1200 si

277 1237 499 1303 exaudieris
532 1256 660 1303 uocem
689 1239 833 1304 domini
870 1238 941 1304 Dei
974 1240 1033 1304 tui
1066 1239 1103 1302 et
1135 1239 1407 1303 obseruaueris

249 1343 481 1425 apraecepta
502 1330 606 1407 eius.³
629 1343 855 1409 misericordiae
870 1362 944 1408 suae
958 1343 1063 1422 uobis,
1090 1342 1291 1408 sacratissimi
1306 1343 1407 1426 impe-

277 1445 407 1525 ratores,
431 1446 514 1511 Deus
530 1466 669 1512 summus
684 1447 822 1529 proemia
835 1446 999 1530 pollicetur
1019 1447 1051 1510 et
1070 1445 1318 1527 amplificationis
1339 1465 1407 1511 ma·
1418 1467 1445 1504 ιο

277 1550 377 1615 rimae
403 1552 569 1634 augmenta
594 1551 744 1615 decernit:
767 1550 861 1615 facite
885 1551 991 1632 itaque
1017 1550 1097 1632 quod
1123 1550 1224 1627 iubet,
1256 1550 1409 1631 complete

278 1653 359 1735 quod
383 1653 541 1737 praecipit.
565 1654 702 1735 auspicia
716 1654 820 1718 uestra
834 1654 1003 1719 maioribus
1019 1654 1178 1719 cumulata
1204 1655 1277 1719 sunt
1304 1653 1406 1718 donis:

277 1756 311 1821 iu
325 1756 418 1821 initio
433 1755 506 1821 fidei
520 1756 614 1839 positi
630 1757 728 1822 diuini
740 1757 855 1823 fauoris
867 1758 1057 1823 incrementa
1068 1757 1222 1822 sensistis:
1237 1776 1408 1839 numquam

279 1878 334 1925 uos
348 1878 456 1924 manus
470 1860 530 1924 Dei
544 1860 717 1925 ueneranda
732 1861 883 1940 deseruit,
906 1880 1076 1943 numquam
1090 1861 1179 1925 nobis
1193 1860 1408 1925 laborantibus

280 1963 446 2047 denegabit
461 1963 625 2029 auxilium:
642 1964 734 2029 strati
750 1965 824 2044 sunt
838 1964 1068 2030 aduersantium
1084 1964 1172 2029 cunei
1183 1964 1215 2028 et
1225 1964 1409 2029 rebellantia
1420 1987 1447 2025 ιε»

281 2069 353 2133 ante
368 2069 563 2150 conspectum
588 2069 726 2133 uestrum
754 2087 874 2150 semper
899 2088 986 2133 arma
1009 2068 1197 2147 oeciderunt,
1220 2068 1309 2133 missi
1335 2069 1410 2132 sunt

282 2171 405 2255 superbi
420 2171 476 2235 sub
492 2170 602 2255 iugum
617 2171 722 2255 populi
738 2172 770 2236 ct
783 2172 907 2237 Persica
921 2173 996 2237 uota
1011 2172 1154 2253 conlapsa
1168 2173 1241 2237 sunt
1255 2191 1310 2236 nec
1326 2172 1410 2235 stare

283 2276 337 2341 diu
352 2277 456 2342 contra
471 2292 525 2340 uos
539 2275 643 2357 potuit
657 2275 748 2339 malis
764 2275 829 2341 suis
845 2272 969 2341 onerata
984 2276 1160 2341 crudelitas.
1182 2276 1241 2340 Dei
1255 2275 1408 2339 uirtutem

282 2381 404 2463 utrique
419 2379 540 2445 diuerso
554 2378 692 2445 sensistis
713 2381 840 2445 euentu:
863 2379 952 2444 uobis
972 2379 1113 2445 caelestis
1132 2379 1280 2444 uictoriae
1300 2397 1410 2444 corona

255 2484 403 2551 4conlata
417 2484 478 2562 est,
502 2482 652 2548 felicitate
666 2485 772 2548 uestra
785 2486 891 2549 nostra
906 2484 1083 2549 releuantur
1096 2484 1299 2549 incommoda.
1333 2483 1409 2547 haec
1419 2502 1448 2542 ao

283 2587 372 2653 uobis
386 2588 470 2652 Deus
486 2604 642 2669 summus,
673 2587 875 2652 sacratissimi
889 2588 1104 2670 imperatores,
1138 2606 1193 2671 pro
1218 2586 1279 2652 fide
1304 2587 1409 2652 uestra

281 2690 417 2756 reddidit
431 2690 582 2774 praemia,
605 2690 653 2754 his
668 2707 724 2754 uos
739 2689 867 2755 interim
881 2692 1089 2757 remuneratos
1103 2691 1278 2775 insignibus
1299 2689 1337 2754 ad
1358 2709 1407 2754 ar-

283 2814 358 2861 cana
382 2793 572 2860 uenerandae
595 2794 675 2878 legis
701 2794 825 2859 inuitat.
849 2814 926 2876 pura
945 2795 1063 2873 mente,
1086 2795 1198 2860 deuota
1212 2793 1407 2872 conscientia,

282 2899 456 2982 incorrupto
471 2898 573 2967 animo
589 2896 751 2963 elementia
765 2899 869 2963 uestra
884 2899 1002 2963 caelum
1016 2918 1136 2981 semper
1151 2898 1294 2980 aspiciat,
1311 2897 1412 2962 aDeo

283 3023 403 3086 semper
417 3002 555 3084 expectet
570 3001 732 3080 auxilium,
756 3001 872 3067 Christi
892 3003 1101 3069 uenerandum
1125 3021 1238 3067 numen
1263 3002 1449 3083 imploretis
1521 3033 1522 3036 ¹

284 3110 315 3174 ct
336 3125 390 3192 pro
417 3106 518 3171 salute
539 3105 620 3169 orbis
646 3106 798 3171 terrorum
824 3125 860 3171 ac
882 3109 985 3171 uestra
1011 3106 1140 3171 salutari
1163 3106 1228 3170 Deo
1253 3104 1413 3188 spiritales
1520 3121 1521 3194 l

283 3212 391 3277 offerat
406 3209 559 3276 metimus.
585 3207 629 3273 sio
643 3210 731 3275 uobis
752 3210 884 3276 feliciter
904 3212 1015 3275 cuneta
1034 3210 1228 3292 prouenient‚
1251 3208 1412 3286 uictoriae,

284 3315 454 3398 opulentia,
478 3333 550 3398 par,
573 3313 674 3396 eopia,
698 3314 814 3379 sanitas
830 3314 861 3379 et
875 3314 1041 3396 triumphi,
1064 3314 1101 3378 ut
1122 3312 1228 3378 diuina
1247 3312 1414 3380 maiestate

284 3419 421 3504 prouecti
436 3418 541 3483 orbem
555 3420 655 3483 terrae
670 3418 753 3484 felici
769 3418 947 3502 gubernetis
961 3417 1097 3495 imperio.

336 3606 483 3677 bnegabis
497 3607 524 3662 P
542 3607 554 3674 ΙΙ
574 3605 728 3675 quisunta
797 3605 1019 3663 4habitatorea
1087 3607 1156 3665 5ut
1174 3605 1312 3660 abertatnr
1324 3607 1365 3670 P,
1385 3607 1415 3658 et

285 3697 421 3751 auertetur
434 3712 453 3748 a
528 3695 564 3751 12
583 3694 717 3749 comulata
730 3694 757 3749 P
832 3694 869 3751 13
886 3694 916 3748 iu
932 3694 1043 3749 addidit
1057 3694 1182 3749 Bursian
1204 3696 1217 3763 {l
1238 3694 1343 3764 positae
1359 3712 1379 3748 a

287 3784 323 3842 15
340 3781 501 3837 reuellantis
514 3782 541 3837 P
576 3781 613 3838 18
625 3781 715 3851 potuit
725 3782 794 3837 Pm.
806 3785 822 3835 1
829 3801 837 3835 :
849 3781 951 3851 poterit
960 3782 988 3835 P
997 3799 1031 3835 ru.
1045 3784 1066 3834 2
1078 3787 1104 3835 et
1115 3798 1134 3835 a
1149 3782 1161 3848 ΙΙ
1178 3783 1287 3835 onerata
1296 3781 1413 3850 scripsi:

285 3872 380 3925 ornata
391 3870 426 3934 P,
439 3870 542 3923 armata
554 3885 572 3921 o
623 3868 663 3924 20
674 3869 716 3922 est
728 3868 870 3923 Bursian:
887 3869 965 3924 etPa
982 3870 994 3937 ΙΙ
1010 3867 1210 3922 incommodoP
1260 3868 1298 3928 25
1315 3885 1414 3922 numen

287 3958 391 4013 Pcorr.
402 3972 435 4010 ea
444 3970 537 4009 nomen
584 3954 621 4011 26
635 3954 790 4023 spirituales
802 3972 820 4007 a
869 3954 906 4011 29
918 3953 1033 4023 protecti
1041 3971 1068 4022 a,
1081 3957 1116 4022 cf.
1124 3972 1153 4023 p.
1164 3958 1227 4024 125,
1239 3958 1278 4009 25
1294 3956 1306 4022 ΙΙ
1322 3956 1413 4023 sequi·

286 4050 334 4099 tar
345 4045 377 4099 iu
389 4045 417 4098 P
427 4042 604 4111 subscriptio:
617 4056 690 4096 ruurr
703 4056 816 4096 srnmrcr
827 4056 957 4096 nuruum
978 4028 1001 4095 u
1016 4031 1036 4097 E
1054 4056 1091 4095 uu
1111 4056 1223 4096 urceus
1243 4031 1415 4097 rnosnumfr

286 4122 447 4185 currerem?
458 4144 596 4184 nxrurcrr.

699 4289 982 4340 &mmo—-
