3050 4984
527 353 642 408 011101.
661 352 697 415 11,
716 352 835 408 ato—31.
1204 352 1246 418 85

106 508 266 572 nimirum
280 509 327 572 ita
341 508 406 573 Deo
426 508 590 590 placitum,
613 509 649 572 ut
669 526 704 573 eo
722 509 874 589 tempore,
898 524 956 588 quo
977 506 1144 572 Dominum
1164 507 1246 572 cruci

105 611 272 688 affixerat,
288 630 364 695 gens
378 612 475 693 impia
489 611 687 676 internecioni
702 608 834 675 daretur
856 608 1014 674 Pharisaei
1029 609 1275 691 aliquantispert

104 732 165 796 pro
191 714 314 794 templo
345 714 491 779 acerrime
521 714 716 792 restiterunt,
750 714 845 778 donec
872 713 1034 777 obstinatis
1056 710 1095 777 ad
1116 714 1246 778 mortem

105 817 228 881 animis
254 816 339 881 ultro
365 836 397 881 se
423 817 568 881 subiectis
593 817 719 901 ignibus
743 816 922 881 intulerunt.
946 834 1091 879 numerus
1106 834 1246 898 peremp-

84 920 217 983 rtorum
240 920 279 983 ad
300 918 442 984 undecies
462 921 589 985 centena
608 919 698 985 milia
712 918 857 996 refertur,
880 918 968 1000 capta
982 936 1054 982 uero
1070 916 1198 983 Omilia
1212 936 1247 982 ao

104 1022 302 1087 uenundata.
325 1020 425 1087 fertur
445 1022 536 1087 Titus
558 1021 698 1087 adhibite
719 1020 845 1087 consilio
873 1022 958 1103 prius
986 1020 1184 1099 deliberasse,
1207 1029 1274 1086 116

102 1125 270 1206 templum
303 1126 384 1189 tanti
419 1125 519 1207 operis
554 1126 713 1190 auerteret.
748 1126 862 1189 1111111
890 1124 1044 1189 nonnullis
1073 1124 1245 1202 uidebatur,

103 1228 222 1292 aedem
244 1228 395 1292 sacratam
415 1228 498 1293 11111
517 1229 619 1292 omnia
640 1228 783 1292 mortalia
796 1228 951 1291 illustrem
965 1244 1025 1292 non
1040 1228 1177 1308 oportere
1192 1227 1245 1292 de-

103 1331 182 1407 leri,
207 1349 290 1412 quae
314 1331 436 1394 1111111
449 1330 618 1395 modestiae
632 1330 786 1395 Romanae
806 1331 1034 1406 testimouium,
1058 1330 1161 1394 diruta
1174 1348 1245 1412 per·

71 1453 224 1503 nonnam
246 1432 439 1497 crudelitatis
465 1434 571 1498 notam
585 1434 750 1514 praeberet.
776 1434 928 1498 utcontra
948 1432 1002 1496 alii
1023 1434 1054 1496 et
1070 1432 1159 1496 'litus
1180 1434 1272 1513 ipsa?

104 1537 317 1601 auertendum
336 1536 369 1600 in
389 1536 497 1617 primis
517 1536 669 1617 templum
690 1536 867 1613 censebant,
890 1554 949 1616 quo
975 1535 1094 1616 plenius
1115 1535 1245 1600 Iudaeo·

103 1660 179 1703 rum
203 1639 240 1702 et
262 1637 506 1703 Christianorum
530 1639 639 1723 religio
659 1639 832 1703 tolleretur:
856 1640 968 1720 quippe
992 1638 1047 1702 has
1072 1636 1244 1720 religiones,

104 1743 182 1806 licet
199 1741 369 1805 contrarias
384 1741 459 1819 sibi,
481 1742 581 1806 isdem
596 1743 700 1806 tamen
719 1742 759 1804 ab
778 1741 952 1805 auctoribus
966 1739 1131 1822 profectam
1155 1738 1243 1805 Chri·

105 1846 229 1909 stianos
261 1863 298 1909 er
323 1844 446 1908 Iudaeis
466 1845 618 1909 extitisse:
641 1844 741 1908 radice
763 1844 885 1908 sublata
906 1844 1033 1925 stirpem
1053 1842 1142 1907 facile
1163 1844 1244 1924 peri·
1345 1897 1349 1912 ,

72 1951 226 2012 asturam.
249 1947 297 2011 ita
315 1947 375 2011 Dei
395 1947 473 2011 nutu
493 1948 626 2011 accensis
641 1948 780 2011 omnium
801 1948 912 2011 animis
927 1947 1079 2027 templum
1094 1946 1272 2023 dirutum,8

105 2051 226 2114 abhinc
263 2068 358 2113 annos
382 2051 533 2114 trecentos
569 2050 699 2133 triginta
724 2051 755 2115 et
780 2070 885 2115 11111.
915 2052 1006 2131 atque
1030 2050 1105 2114 haec
1129 2049 1241 2113 ultima

104 2153 224 2234 templi
250 2154 367 2217 euersio
392 2153 424 2217 01
448 2154 601 2233 postrema
627 2153 810 2217 Iudaeorum
836 2153 1014 2233 captiuitas,
1038 2171 1098 2233 qua
1112 2153 1244 2216 extorres

11 2211 12 2298 1
104 2256 214 2338 patria
238 2273 295 2336 per
319 2255 424 2319 orbem
449 2256 601 2319 terrarum
627 2256 755 2337 dispersi
782 2256 960 2331 cernuntur,
995 2254 1105 2318 cotidie
1130 2254 1244 2319 mundo

104 2358 290 2423 testimonio
306 2358 392 2434 sunt,
415 2375 475 2422 101
490 2358 528 2421 ob
543 2358 628 2422 aliud
643 2376 692 2422 eos
708 2378 801 2440 quam
822 2358 859 2421 ob
874 2358 979 2421 illatas
998 2356 1118 2420 Christo
1133 2356 1244 2436 impias

75 2478 220 2527 romanus
234 2459 331 2524 fuisse
346 2460 477 2541 punitos.
501 2480 573 2525 nam
588 2478 676 2542 saepe
691 2462 782 2537 alias,
806 2479 875 2525 cum
890 2461 1012 2541 propter
1026 2459 1149 2540 peccata
1173 2476 1243 2539 cap-

104 2563 289 2628 tiuitatibus
304 2562 512 2640 traderentur,
534 2583 703 2645 numquam
723 2566 828 2628 tamen
847 2562 929 2627 ultra
950 2580 1021 2626 axx
1037 2578 1130 2626 annos
1145 2561 1243 2625 serui-

104 2667 186 2731 tutis
202 2682 333 2747 poenam
348 2665 564 2746 pependenmt.

147 2768 318 2833 Interiecto
344 2768 416 2833 dein
441 2769 585 2850 tempore
597 2769 809 2846 Domitianus,
833 2765 1011 2851 Vespasiani
1026 2768 1118 2845 filiae,
1140 2765 1290 2849 perse-al

106 2873 200 2935 cutus
225 2872 274 2935 est
299 2869 496 2935 Christianos.
520 2890 578 2953 quo
603 2873 741 2953 tempore
772 2873 938 2936 Iohannem
960 2871 1132 2952 apostolum
1152 2871 1244 2953 atque

75 2974 336 3058 „euangelistam
357 2974 391 3037 in
415 2974 585 3040 Pathmum
610 2974 744 3038 insulam
770 2976 935 3058 relegauit:
971 2974 1025 3039 ubi
1045 2973 1098 3038 illc
1126 2975 1243 3039 arcanis

106 3079 168 3142 sibi
182 3077 343 3160 mysteriis
357 3078 502 3142 111111111
523 3076 640 3141 librum
660 3096 762 3141 sacrae
777 3077 993 3160 Apocalypsis,
1017 3078 1069 3157 qui
1085 3077 1209 3158 quidem
1225 3096 1243 3141 1

106 3182 265 3263 plerisque
279 3181 334 3243 aut
348 3180 444 3244 stulte
458 3182 513 3245 aut
532 3180 628 3261 impie
648 3197 709 3244 101
728 3180 890 3260 recipitur,
914 3179 1118 3260 conscriptum
1134 3178 1240 3243 edidit.

106 3303 169 3348 non
191 3282 292 3346 multo
315 3282 424 3347 deinde
444 3282 607 3347 interuallo
629 3284 721 3347 tertia
736 3283 905 3363 persecutio
920 3301 975 3363 per
989 3282 1155 3346 Traianum
1170 3280 1270 3345 11112

10 3409 11 3438 u
108 3388 163 3469 qui
179 3404 253 3452 cum
267 3386 430 3450 tormentis
445 3386 477 3450 et
491 3386 721 3467 quaestionibus
735 3386 815 3449 nihil
830 3386 863 3449 in
878 3383 1059 3449 Christianis
1075 3385 1173 3449 morte
1188 3384 1242 3448 aut

77 3508 209 3573 epoena
223 3489 353 3572 dignum
367 3488 563 3570 repperisset,
579 3489 691 3553 saeuiri
705 3490 738 3552 in
753 3505 803 3552 eos
818 3486 901 3552 ultra
911 3487 1020 3551 uetuit.
1038 3487 1094 3551 sub
1105 3486 1268 3551 Adrianoa

10 3615 11 3676 3
109 3591 222 3658 deinde
247 3592 354 3656 Iudaei
382 3591 529 3656 rebellare
554 3591 732 3668 uoluerunt,
756 3590 878 3674 Syriam
893 3610 927 3655 10
942 3590 1149 3654 Palaestinam
1163 3588 1240 3652 diri·

163 3814 182 3869 2
200 3813 311 3866 farisaei
323 3814 351 3865 P
402 3814 420 3871 5
438 3812 501 3867 Cb:
514 3828 563 3866 om.
577 3813 617 3879 Ρ,·
631 3812 651 3867 C
663 3811 741 3864 milia
752 3812 830 3865 babel
844 3811 995 3878 Eusebiae,
1016 3817 1089 3883 τρεῖς
1102 3805 1241 3882 μυριάδας

112 3900 271 3969 Synccllae,
290 3898 324 3951 ad
336 3898 356 3953 C
369 3898 445 3951 milia
462 3898 584 3952 Drasiao
595 3898 745 3951 1101101111
757 3896 905 3964 Josepbam
969 3896 987 3952 8
1005 3898 1123 3964 oportere
1139 3895 1177 3947 P:
1196 3892 1240 3946 de·

112 3985 171 4038 beri
183 3986 213 4048 b,
233 3984 327 4038 debore
339 3984 373 4038 de
385 3985 472 4038 Proto
484 3984 564 4052 quasi
576 4000 610 4036 cx
622 3984 712 4037 0001101
776 3982 793 4039 9
811 3999 923 4051 perenne
936 3984 964 4035 P
1016 3982 1051 4037 11
1070 3979 1200 4048 templum
1211 3978 1241 4031 in

113 4070 209 4139 primis
223 4070 238 4123 b
259 4071 272 4138 ΙΙ
289 4070 407 4138 penitius
417 4071 486 4124 0011.
509 4070 638 4137 Beraoyc
644 4086 673 4137 p.
688 4072 737 4135 57‚·
750 4074 780 4121 ot
792 4086 817 4121 a.
833 4068 869 4121 ud
882 4074 905 4135 1,
919 4072 963 4134 35,
977 4072 995 4120 9
1050 4065 1086 4121 13
1099 4063 1203 4118 hisdem
1214 4064 1242 4119 P

124 4158 137 4223 ll
160 4155 193 4208 ab
206 4156 250 4209 hic
271 4154 381 4208 addidit
393 4155 426 4208 de
439 4156 536 4221 Proto,
555 4161 620 4207 cate
632 4154 715 4207 isdem
734 4154 864 4223 Sipoaius
926 4153 962 4209 17
981 4167 1048 4220 quac
1061 4151 1088 4203 P
1140 4149 1176 4206 18
1194 4166 1240 4219 pa-

112 4241 167 4294 tria
188 4242 229 4308 P,
248 4256 306 4294 101
325 4241 442 4310 patriae,
460 4247 493 4294 al
514 4241 555 4294 ait
576 4240 609 4293 de
630 4240 718 4293 Proto
780 4239 817 4295 23
836 4239 956 4292 deindeb
1019 4236 1058 4292 24
1074 4236 1203 4291 loannem
1223 4237 1240 4291 b

165 4327 204 4385 25
222 4327 348 4380 Patmum
361 4327 483 4380 Drasim
505 4328 517 4393 ll
540 4326 661 4379 archanis
675 4327 702 4378 P
