3050 4984
543 329 657 386 Chron.
675 331 698 396 Ι,
716 330 837 390 53-54.
1209 337 1252 404 55

154 486 289 554 Interea
300 487 462 553 Sedechias
482 507 533 552 rer
556 487 664 554 turbae
678 487 816 566 inutilis,
842 507 1029 571 quamquam
1043 490 1109 556 sine
1123 491 1251 571 uiribus,
1262 491 1302 553 54

104 589 216 654 infido
231 591 357 675 ingenio
371 592 403 656 et
417 590 476 654 Dei
490 590 663 670 immemor,
690 591 743 672 qui
757 608 818 656 non
832 592 1025 676 intellegeret
1039 593 1253 676 captiuitatem

105 693 151 757 ob
168 693 293 758 delicta
306 693 407 778 gentis
422 693 557 770 illatam,
579 693 741 775 postremis
756 693 887 776 denique
906 695 997 760 malis
1012 697 1149 775 debitus,
1170 697 1253 781 regis
1309 716 1313 723 ·

107 798 264 862 animum
280 797 416 862 offendit.
431 797 477 860 ita
491 797 520 861 ei
533 798 603 879 post
616 815 728 862 nouem
742 815 835 862 annos
845 796 1121 863 Nabuchodonosor
1135 799 1253 864 bellurn

82 900 246 978 sintulit,
276 900 527 982 compulsumque
548 899 630 964 intra
650 918 755 964 muros
783 899 945 984 confugere
969 901 1100 966 triennio
1121 902 1250 966 obsedit.

108 1022 177 1085 qua
192 1003 381 1084 tempestato
395 1002 587 1068 Hieremiam
601 1003 790 1084 prophetam,
810 1008 865 1085 qui
879 1005 942 1068 iam
957 1004 1076 1086 saepius
1091 1004 1281 1073 immineres

108 1106 188 1170 urbi
212 1105 429 1186 captiuitatem
442 1105 713 1188 ,pronuntiauerat
736 1105 883 1184 consulit,
906 1105 933 1170 si
948 1107 1022 1188 quid
1037 1107 1101 1189 spei
1124 1106 1252 1172 forsitan
1360 1134 1365 1145 κ

108 1209 303 1290 superesset.
337 1208 391 1273 sed
418 1207 471 1272 ille
499 1207 638 1274 caelestis
666 1207 729 1274 irae
750 1226 812 1274 non
831 1208 972 1292 ignarus,
1001 1210 1108 1274 eadem
1133 1210 1253 1292 saepius

109 1311 345 1395 interrogatus,
367 1310 538 1393 respondit,
561 1309 621 1393 ipsi
641 1310 707 1394 regi
728 1311 891 1394 specialem
912 1329 1040 1394 poenam
1061 1313 1252 1378 denuntians.

73 1439 99 1478 rc
109 1416 187 1478 tum
204 1431 279 1479 uero
291 1412 451 1478 Sedeohias
466 1414 499 1478 in
512 1414 592 1478 iram
604 1414 753 1479 excitatus
766 1414 851 1479 trudi
861 1415 1041 1497 prophetam
1055 1416 1088 1480 in
1103 1424 1282 1480 carcerems

111 1517 222 1582 iubet:
239 1535 370 1598 moxque
384 1535 456 1581 eum
470 1516 603 1582 crudelis
617 1516 692 1582 facti
706 1517 819 1601 piguit,
840 1518 894 1582 sed
908 1518 1127 1583 obsistentibus
1141 1518 1253 1583 Iudae-

113 1639 209 1686 orum
223 1619 430 1701 principibus,
447 1619 557 1702 quibus
572 1620 636 1684 iarn
650 1620 721 1685 inde
736 1639 754 1684 a
768 1620 916 1702 principio
936 1621 1031 1686 moris
1045 1620 1146 1686 fuerat
1160 1620 1254 1685 bonos

112 1739 275 1804 premere,
297 1721 453 1787 absoluere
478 1722 669 1788 innocentem
688 1740 748 1788 non
773 1741 876 1788 ausus.
903 1724 1001 1802 isdem
1022 1723 1201 1807 cogentibus
1221 1723 1283 1790 in4

113 1826 224 1890 lacum
239 1824 371 1889 inmensi
386 1824 529 1907 profundi
540 1843 691 1906 caenoque
706 1843 741 1890 ao
755 1826 896 1891 sordibus
906 1828 999 1909 atque
1009 1845 1046 1892 ox
1056 1844 1091 1892 eo
1102 1825 1255 1899 exitiabili

78 1952 104 1991 rc
113 1928 236 1994 foetore
251 1928 411 1992 horridum
421 1928 574 1993 demissus
589 1929 644 2006 est,
654 1930 689 1992 ut
703 1948 740 1993 ne
755 1929 890 2011 simplici
900 1929 1026 2012 quidem
1040 1931 1139 1994 morte
1153 1928 1255 2011 exspi-

114 2032 210 2096 raret.
220 2032 333 2096 sedrer
340 2031 415 2096 licet
421 2031 545 2114 impius,
552 2031 707 2113 aliquanto
715 2032 820 2096 tamen
828 2032 1035 2098 sacerdotibus
1043 2032 1159 2111 mitior,
1166 2031 1255 2098 educi

6 2115 7 2130 ¹
115 2135 305 2222 prophetam
316 2135 354 2198 de
368 2134 437 2198 lacu
452 2135 483 2199 et
498 2135 625 2199 carceris
637 2134 793 2200 custodiae
806 2135 894 2200 reddi
908 2135 1003 2199 iubet.
1020 2135 1137 2200 interea
1151 2135 1282 2200 obses-5

118 2256 169 2302 sos
184 2237 236 2302 uis
251 2237 388 2300 hostium
403 2238 434 2302 et
448 2237 574 2319 penuria
587 2239 726 2322 urgebat,
748 2238 996 2319 consumptisque
1010 2238 1162 2315 omnibus
1177 2256 1255 2318 quae

6 2371 7 2394 1
118 2340 230 2404 mandi
243 2339 392 2422 poterant,
408 2340 505 2405 fames
520 2340 706 2405 inuolueret:
727 2341 774 2404 ite
787 2339 915 2404 defessis
930 2341 1031 2405 inedia
1045 2339 1254 2405 defensoribus

6 2427 7 2484 s
85 2442 271 2525 aooppidum
291 2443 416 2524 captum
430 2443 656 2525 incensumque.
679 2462 746 2521 rer,
770 2445 806 2507 ut
820 2444 967 2525 propheta
981 2442 1114 2521 dherat,
1136 2441 1254 2506 effossis

120 2546 219 2610 oculis
235 2545 426 2628 Babylonem
439 2545 620 2624 translatus,
642 2546 820 2635 Hieremias
836 2545 1045 2611 misericordia
1064 2545 1171 2609 hostih
1186 2562 1252 2609 oar-

120 2668 188 2715 oere
203 2649 372 2730 exemptus.
394 2668 466 2713 eum
480 2669 551 2714 eum
565 2648 782 2727 Nabuzarden,
802 2649 941 2731 princeps
956 2649 1073 2732 regius,
1093 2647 1282 2729 captiuumb

6 2745 7 2770 ³
121 2771 194 2816 cum
209 2751 318 2815 ceteris
333 2751 466 2829 duceret,
478 2752 579 2816 delata
593 2751 653 2816 sibi
668 2753 790 2833 optione
803 2753 842 2817 ab
858 2770 902 2831 eo,
914 2753 1020 2816 utrum
1031 2752 1064 2816 in
1078 2751 1142 2816 solo
1152 2750 1252 2833 patrio

121 2855 242 2919 deserto
254 2854 450 2937 desolatoque
461 2855 625 2920 subsistere
636 2873 675 2920 an
686 2873 790 2920 secum
801 2855 885 2920 abire
899 2855 933 2919 in
943 2856 1073 2920 summis
1087 2854 1253 2918 honoribus

89 2979 113 3020 rs
121 2957 228 3034 uellet,
243 2957 374 3023 residere
388 2957 422 3022 in
435 2957 534 3039 patria
548 2957 668 3022 maluit.
695 2957 972 3022 Nabuchodonosor
985 2958 1116 3023 abducto
1130 2956 1280 3039 populus

121 3059 254 3124 residuis
270 3077 344 3142 quos
359 3059 435 3125 belli
449 3060 581 3126 conditio
593 3061 643 3124 uel
657 3061 785 3142 praedae
799 3060 961 3125 fastidium
974 3060 1107 3142 relinqui
1121 3079 1140 3124 a
1154 3059 1253 3124 uicto-

122 3163 209 3227 ribus
231 3162 359 3239 fecerat,
389 3162 550 3228 Godoliam
575 3164 713 3228 eiusdem
735 3163 837 3246 gentis
858 3163 1032 3244 praeposuit
1053 3163 1167 3244 absque
1188 3162 1253 3225 ullo

123 3265 238 3350 insigni
259 3265 343 3348 regio
364 3267 419 3330 aut
433 3265 555 3348 imperii
568 3265 707 3346 nomine,
723 3266 797 3347 quia
809 3284 947 3347 praeesse
960 3265 1065 3348 paucis
1080 3266 1112 3330 et
1126 3264 1252 3329 calami·

123 3369 200 3432 tosis
214 3368 301 3432 nulla
315 3368 451 3452 dignitas
466 3369 540 3432 erat.

228 3552 266 3611 10
282 3554 336 3608 Jer.
356 3554 394 3611 37
413 3571 469 3623 sqq.
507 3555 544 3612 13
562 3554 600 3608 IV
618 3554 682 3623 Reg.
702 3551 747 3611 25.
767 3552 796 3606 H
813 3554 874 3608 Par.
893 3554 938 3610 36.

174 3708 305 3764 dnouem
325 3708 353 3764 b:
372 3723 437 3762 .1111.
459 3709 500 3775 P,
526 3709 561 3775 cf.
580 3709 626 3762 IV
641 3709 807 3776 Rey.25,1.
872 3707 1083 3764 hieremiamb
1108 3709 1120 3776 ΙΙ
1145 3707 1253 3776 quinam

6 3776 7 3840 l
125 3777 229 3864 saepius
247 3795 274 3847 P
326 3793 768 3851 iconsuluitraclebotdePrcto
829 3793 870 3857 ,10
887 3795 1030 3848 carcereP
1093 3793 1129 3850 13
1147 3793 1252 3846 nonest

125 3881 231 3934 aususb
253 3882 265 3949 ΙΙ
289 3879 393 3934 hisdem
406 3881 433 3933 P
497 3879 535 3936 14
552 3879 708 3947 coenoqueb
778 3878 815 3935 16
833 3879 999 3949 principibus
1014 3879 1106 3933 mitior
1128 3878 1252 3932 Veratius

6 3969 7 3980 *
126 3967 192 4020 corat
244 3966 281 4023 19
299 3965 420 4020 famisP
465 3966 501 4022 21
521 3964 715 4020 babilonamP
764 3964 1059 4034 aasabuzardansc:
1076 3962 1252 4018 Nebunerdan

126 4053 228 4120 aliquot
240 4052 314 4106 editt.
325 4053 490 4120 posteriores
541 4051 579 4107 26
597 4051 653 4120 uel]
664 4052 703 4104 stc
715 4051 755 4118 P,
769 4053 879 4116 aocet,
897 4057 930 4104 ut
941 4052 982 4104 ait
993 4049 1028 4104 dc
1039 4051 1127 4103 Proto
1142 4050 1155 4116 ll
1170 4047 1254 4102 relin-

127 4139 171 4206 qui
183 4139 223 4206 P,
242 4144 275 4192 ot
286 4139 356 4192 corat.
376 4137 516 4192 Gtoelirms
528 4143 554 4191 et
565 4136 710 4206 Sipoctas:
727 4132 826 4205 reliqui
842 4137 859 4189 b
921 4135 960 4192 28
976 4135 1108 4215 pr-aeosse]
1120 4149 1213 4203 praees
1225 4134 1253 4188 P

126 4224 185 4292 (pro
206 4224 313 4293 praest)
393 4223 431 4280 29
455 4225 520 4276 erat.
539 4235 670 4276 aramma
688 4210 814 4276 saonen?
836 4235 1019 4282 cnumconv
1035 4235 1120 4272 amns
1138 4234 1251 4274 aarum.

127 4324 233 4364 rueram
251 4323 394 4363 sncvunvs
406 4348 412 4362 .
426 4324 497 4362 nass
513 4321 679 4394 inarmans.
694 4308 737 4360 P.
