3050 4984
4 308 12 441 l

553 361 626 431 dap.
647 361 766 419 19-20·
1167 362 1226 425 107

102 517 260 599 particeps
286 536 350 583 esse
374 518 487 600 possis,
511 536 530 582 a
543 516 684 599 piissimo
699 536 735 583 ac
749 515 924 582 iustissimo
939 515 1063 582 domino
1077 515 1227 581 inmorta-
1319 552 1328 569 ,

101 620 205 685 litatis
221 620 281 685 tibi
295 622 397 705 gratia
412 620 593 686 conferetur.
615 622 618 704 Ι

144 722 288 789 Alterius
308 724 428 808 profani
450 724 634 790 sacramenti
655 724 779 809 signum
801 725 848 789 est
862 716 943 799 θεὸς
956 721 993 788 ἐκ
1007 720 1139 809 πέτρας.
1174 742 1338 796 curruca.

100 828 159 892 hoc
187 828 327 892 sanctum
353 827 619 909 uenerandumque
646 828 797 891 secretum
818 826 858 891 ad
877 825 1020 910 profanos
1035 828 1123 891 actus
1138 824 1228 889 adul-
1240 823 1280 883 td

79 931 205 995 aterata
219 929 403 1011 professione
418 929 615 995 transfertis?
637 930 717 995 alius
732 933 780 995 est
794 930 888 1012 lapis,
912 920 1003 1012 quem
1018 929 1093 995 dous
1107 929 1140 993 in
1155 946 1227 992 oon-

99 1031 262 1095 firmandis
288 1031 496 1098 fundamentis
521 1035 690 1116 promissae
716 1033 913 1099 Hierusalem
932 1033 1101 1098 missurum
1116 1050 1148 1098 se
1163 1050 1228 1097 esse

3 1186 4 1199 ,
98 1134 258 1216 promisit:
274 1134 414 1200 Christus
429 1136 516 1201 nobis
531 1136 697 1202 uenerandi
711 1137 823 1218 lapidis
839 1137 1062 1222 significatione
1073 1137 1227 1202 monstra-

98 1239 162 1303 tur.
187 1238 262 1321 quid
276 1239 312 1303 tu
327 1242 367 1304 ad
382 1241 620 1311 commaculatas
635 1241 867 1323 superstitiones
881 1240 1000 1305 furtiua
1014 1238 1121 1305 fraude
1135 1257 1226 1303 uene-

98 1341 190 1407 randi
205 1343 364 1408 uansforis
377 1344 511 1410 nominis
526 1344 732 1428 dignitatem?
753 1344 890 1425 lapidem
905 1346 995 1409 tuum
1015 1344 1104 1407 ruina
1124 1340 1226 1423 sequi-

67 1446 153 1510 ntur
168 1447 200 1510 et
216 1446 392 1511 cadentium
413 1447 583 1512 culminum
598 1446 720 1512 funesta
744 1446 913 1529 conlapsio:
935 1448 1039 1512 nesta
1062 1446 1141 1527 lapis
1167 1444 1226 1508 Dei

1 1564 3 1632 5
98 1547 250 1614 frmdatus
274 1568 368 1615 manu
394 1550 525 1630 extruit,
549 1548 722 1629 confirm'at,
746 1551 854 1634 erigit,
876 1551 979 1615 munit
1005 1551 1036 1615 et
1061 1547 1226 1613 restaurati

1 1680 2 1713 l
99 1652 201 1733 operis
233 1652 367 1736 gratiam
391 1654 555 1735 perpetuae
582 1654 816 1720 inmortalitatis
848 1653 1007 1736 splendore
1032 1653 1181 1718 condecor
1200 1653 1224 1715 t.

1 1762 2 1791 ³
97 1756 143 1821 ait
160 1756 243 1821 enim
257 1756 296 1821 de
310 1757 366 1821 hoc
380 1757 487 1823 Esaias
508 1757 633 1822 iubente
654 1759 759 1822 sancto
781 1757 909 1839 spiritu:
943 1749 1012 1820 ‘sic
1033 1756 1135 1820 dicit
1155 1753 1254 1818 Do-2

96 1859 246 1923 minus:
285 1877 371 1924 ecce
401 1879 468 1943 ego
491 1860 648 1924 inmitto
676 1860 715 1924 in
743 1859 992 1925 fundamenta
1020 1857 1109 1924 Sion
1129 1858 1226 1941 lapi-

67 1961 181 2026 1⁵dem
203 1962 433 2045 pretiosum,
469 1964 653 2043 electum,
687 1982 873 2029 summum
895 1962 1133 2046 angularem,
1164 1962 1226 2026 ho-

96 2066 292 2144 noratum,
315 2067 436 2147 etqui
459 2066 674 2132 crediderit
694 2067 732 2131 in
754 2085 839 2130 eum
859 2084 930 2130 non
945 2053 1226 2131 confundetur'

96 2166 130 2231 in
144 2167 276 2248 psalmis
292 2168 388 2233 etiam
403 2169 505 2235 simile
519 2187 700 2253 responsum
714 2170 777 2234 est:
800 2170 846 2233 ait
861 2169 943 2233 enim
958 2169 1086 2250 spiritus
1101 2169 1226 2232 sanctus

96 2271 130 2335 in
146 2270 312 2335 centesimo
328 2273 359 2337 et
374 2273 639 2355 septimodecimo
662 2272 797 2354 psalmo:
831 2264 943 2353 ‘lapis
971 2290 1079 2353 quem
1101 2289 1225 2353 repro-

96 2374 291 2439 bauerunt
312 2376 571 2441 aedificantes
586 2376 649 2440 hic
663 2375 791 2440 factus
807 2377 869 2440 est
883 2376 922 2440 in
943 2376 1058 2457 caput
1077 2375 1224 2458 anguli:

66 2496 116 2541 aea
139 2478 293 2541 domino
316 2478 442 2543 factus
466 2482 523 2544 est
551 2480 626 2543 iste
655 2481 692 2544 et
719 2480 778 2543 est
805 2478 1004 2543 mirabilis
1031 2478 1071 2544 in
1098 2478 1225 2543 oculis

96 2581 268 2645 uostris!
305 2583 489 2665 permultos
513 2582 677 2666 prophetas
703 2581 832 2665 spiritus
847 2583 971 2646 sanctus
985 2581 1118 2647 nominis
1133 2581 1225 2646 istius

97 2684 238 2749 ordinem
253 2687 420 2764 monstrat,
437 2685 483 2750 ait
497 2687 579 2751 euim
594 2685 756 2750 Zacharias
771 2685 934 2767 propheta:
956 2676 1053 2771 ‘eece
1076 2701 1143 2768 ego
1164 2683 1225 2748 ad-

97 2787 194 2853 dueo
215 2807 373 2869 puerum
393 2808 529 2869 meum,
564 2787 685 2853 Ortus
707 2807 841 2854 nomen
871 2788 907 2853 ei
935 2788 1009 2867 est,
1043 2787 1226 2869 quoniam

96 2890 202 2973 lapis
226 2910 333 2973 quem
357 2891 443 2956 dedi
465 2894 552 2957 ante
574 2891 719 2956 faciem
740 2892 882 2958 Hiosu:
916 2910 1029 2973 super
1055 2890 1225 2974 lapidem

63 2993 225 3075 reipsum
247 3007 361 3060 unum
382 2996 527 3078 septem
549 2994 652 3059 oculi
674 2983 786 3059 suut'
810 2996 863 3060 sed
883 2996 920 3059 ut
943 2994 1138 3059 manifestius
1153 3003 1253 3059 con-3

96 3098 176 3174 stet,
199 3097 373 3178 antiquiora
394 3098 636 3163 uenerandarum
656 3097 826 3162 lectionum
848 3098 964 3163 secreta
978 3097 1157 3180 pandamus.
1191 3098 1225 3161 in

94 3198 335 3264 Deuteronomio
347 3201 392 3265 ita
404 3201 655 3284 comprehensum
670 3201 732 3264 est:
755 3192 804 3264 ‘et
826 3200 971 3265 scribes
994 3218 1108 3281 super
1128 3200 1223 3281 lapi·

94 3302 180 3366 dem
203 3320 349 3368 omnem
368 3304 494 3388 legem
515 3289 633 3367 hanc.²
666 3302 780 3366 Hiesus
795 3302 890 3367 etiam
904 3300 992 3366 Naue
1006 3302 1093 3366 iussu
1107 3301 1223 3365 diuini·

198 3491 235 3548 13
248 3490 302 3545 Jes.
316 3490 363 3555 28,
377 3490 414 3547 16
469 3490 507 3548 18
519 3492 562 3546 Pu.
577 3491 640 3556 117,
653 3490 691 3548 22
705 3506 743 3559 sq.
798 3490 836 3547 22
848 3488 926 3543 Zach.
939 3488 1047 3557 3,8sq.
1094 3488 1130 3545 27
1142 3488 1221 3541 Dent.
1272 3526 1274 3531 .

90 3576 135 3642 27,
149 3576 176 3633 8.

143 3732 162 3787 2
182 3730 316 3785 confertur
328 3732 356 3785 P
420 3730 438 3787 9
456 3731 597 3785 mansferis
609 3731 652 3785 P:
668 3729 801 3785 transfers
814 3729 875 3784 edd.
890 3731 924 3797 of.
944 3746 965 3783 c.
978 3730 1025 3794 22,
1039 3730 1183 3799 3'proferis
1196 3736 1222 3784 et

91 3817 140 3882 24,
153 3817 171 3871 3
183 3816 249 3870 feris
302 3816 337 3871 12
355 3818 482 3885 perpetuo
499 3816 603 3885 Ocalee,
620 3823 651 3871 ut
662 3817 787 3882 conferri
803 3817 879 3871 iubet
891 3816 1018 3870 Boreion
1025 3833 1054 3884 p.
1068 3819 1132 3884 102,
1145 3820 1184 3870 29
1196 3822 1223 3870 et

85 3906 244 3971 p.120,13
298 3902 335 3959 13
354 3902 461 3955 iuuante
471 3903 509 3966 P,
529 3902 655 3956 innuente
667 3919 686 3956 a
703 3904 715 3970 ΙΙ
732 3902 831 3971 spiritu
843 3904 962 3955 sanctor
1015 3901 1049 3957 17
1068 3901 1189 3955 similiP

91 3988 129 4045 18
147 3988 250 4042 decimo
263 4004 311 4042 om.
326 3989 378 4053 Pu,
391 3987 455 4041 odd.
472 3988 611 4042 Wocoeroe
680 3987 720 4044 20
738 4004 754 4041 a
770 3987 877 4042 domino
889 3989 930 4041 P:
949 3987 1036 4040 Anno
1053 4003 1072 4040 a
1139 3987 1178 4043 23
1196 3988 1222 4041 ei

89 4091 186 4129 nomen
199 4092 217 4128 e
269 4075 309 4131 24
326 4074 396 4143 lapis
409 4090 487 4142 quem
499 4074 560 4127 dedi
572 4077 634 4128 ante
647 4074 743 4129 faciem
754 4075 840 4128 Hiesu
852 4074 980 4128 Bursian
996 4074 1066 4141 (coll.
1086 4074 1222 4142 Cypriani

88 4166 147 4215 teet.
164 4161 206 4225 II,
219 4164 261 4224 16,
270 4177 300 4228 p.
315 4161 396 4227 553):
415 4159 488 4213 locus
501 4175 579 4227 quem
591 4159 667 4213 dedit
678 4176 729 4227 une
746 4159 814 4213 facie
826 4159 918 4213 hiesus
930 4159 969 4223 P,
987 4158 1058 4228 lapis
1069 4174 1147 4227 quem
1159 4159 1222 4213 dedi

89 4262 178 4300 eoram
199 4245 292 4299 Iesue
352 4244 391 4301 26
409 4244 551 4314 antiquora
572 4244 821 4299 uenerandommP
882 4245 917 4298 27
934 4243 1042 4297 deutero
1063 4245 1147 4298 nomii
1160 4246 1188 4299 P

88 4330 129 4387 28
146 4332 223 4385 Iesus
236 4347 255 4384 a
