3050 4984
1164 407 1229 459 XXI

94 575 282 662 petantur,
311 576 345 637 et
369 587 489 636 eemm
515 560 723 635 memoriam
753 573 840 658 post
876 574 1022 635 mertem
1048 588 1117 637 esse
1144 589 1228 638 core-

95 696 321 757 secretam...
353 679 627 769 Consideremus,
661 680 695 754 si
726 682 856 779 piacet,
884 706 1073 756 ammmmas
1110 683 1229 781 inseii-

95 804 187 878 eium
216 806 372 879 demam.
400 802 468 877 Isis
485 800 605 899 filiam
621 800 782 899 perdidit
803 810 869 874 etc.
898 801 1033 899 quodsi
1055 803 1122 876 tibi
1143 829 1227 902 per-

25 944 26 951 *
94 925 273 1013 suaseris,
310 923 427 997 uerba
453 920 531 1009 illa,
574 942 668 1018 quae
694 918 741 1017 de
769 918 868 994 Iside
895 922 995 1020 apud
1021 920 1228 997 Minucium

93 1045 291 1143 leguntur,
332 1042 492 1117 alienum
529 1043 655 1115 'locum
687 1065 906 1138 occupasse,
948 1041 1048 1115 haud
1075 1044 1151 1117 scio
1179 1069 1227 1117 an

24 1248 25 1265 1
92 1164 326 1261 probabilior
361 1164 455 1235 ratio
492 1161 598 1235 uerbi
633 1161 784 1259 despicis
823 1162 1020 1235 manifesto
1059 1165 1228 1263 corrupti

24 1302 25 1313 ¹
94 1282 320 1356 emendandi
345 1283 505 1356 inueniri
531 1281 660 1379 possit.
701 1281 794 1353 mihi
816 1280 969 1378 quidem
990 1283 1086 1356 illud
1113 1285 1228 1358 colon

93 1412 175 1501 post
198 1403 320 1476 uerba
340 1400 426 1476 imee
452 1414 606 1475 temm..
633 1400 803 1475 Romame
828 1414 907 1475 sem
933 1427 969 1500 p.
994 1405 1054 1494 31,
1082 1407 1127 1477 18
1151 1404 1226 1477 col-

23 1504 24 1527 }
93 1522 295 1597 iocandum
323 1532 358 1595 et
381 1531 485 1594 totus
512 1522 614 1595 locus
638 1521 691 1595 sic
714 1518 931 1595 scribendus
953 1547 1034 1596 esse
1056 1523 1225 1597 uidetur:

23 1640 24 1663 ¹
93 1642 175 1717 iaec
199 1656 331 1732 tamem,
356 1642 528 1743 Aepyptia
550 1643 739 1740 parendum,
764 1667 860 1715 meac
883 1655 914 1715 et
935 1668 1041 1717 sacra
1058 1643 1228 1718 Romame

94 1777 186 1854 mm,
227 1776 261 1837 et
287 1762 440 1860 desipias
466 1760 574 1836 laidis
600 1765 650 1836 ud
673 1760 915 1853 hirundinem,
952 1763 1094 1838 sistrum
1120 1777 1151 1838 et
1178 1767 1228 1839 ad

22 1956 24 1991 r
94 1883 227 1982 sparsis
253 1880 418 1956 membm's
451 1882 596 1956 imeaem
630 1883 683 1955 tei
713 1881 899 1980 Serapidis
925 1884 998 1957 aime
1030 1883 1144 1959 Osiris
1172 1898 1226 1959 tm-

94 2006 245 2077 madem:
273 2028 368 2101 quaa
395 2004 448 2075 sic
474 2004 713 2100 interpretor:
740 2002 857 2077 ‘Diere
882 2003 972 2084 ‚eima
1000 2003 1227 2105 ippptisdem

22 2194 23 2197 ,
95 2148 198 2198 secra
234 2123 319 2197 s‘ired
349 2123 434 2219 jetzt
470 2120 561 2196 aiecii
593 2122 632 2194 iri
658 2121 752 2195 Rom
779 2120 1035 2220 eiiipebiirpem,
1076 2126 1153 2197 aad
1178 2125 1227 2197 du

94 2257 206 2342 mapst
234 2246 304 2317 dm
330 2245 433 2317 toliere
466 2240 585 2339 Umfup
613 2241 743 2316 treibm
770 2240 911 2316 deidei·
937 2238 1135 2331 &imelda
1163 2246 1227 2318 der

22 2360 23 2367 '
94 2363 258 2464 idepper
285 2366 348 2437 der
373 2364 441 2437 Isis
467 2366 543 2436 aad
567 2362 623 2436 bei
647 2365 726 2437 dem
747 2365 860 2437 ieereri
886 2360 1002 2437 Greie
1026 2364 1142 2437 demes
1165 2360 1226 2437 Se·

21 2472 22 2491 ¹
93 2476 200 2583 repis’
231 2492 298 2557 etc.
328 2482 374 2556 dc
409 2483 591 2556 uocabulo
621 2492 746 2557 autem
782 2483 937 2580 dea'pere
964 2485 1006 2555 cf.
1033 2509 1067 2581 p.
1092 2485 1151 2572 35,
1179 2486 1225 2556 10

95 2605 132 2678 m
158 2605 233 2679 isia
260 2604 425 2701 desipere,
455 2613 491 2676 et
518 2604 563 2676 da
590 2628 776 2676 sarcasmo
807 2605 845 2675 in
871 2604 935 2675 illo
963 2603 1017 2676 tui
1041 2600 1229 2701 Serapidis

21 2790 22 2799 ι
93 2750 124 2823 p.
149 2730 187 2816 4,
214 2722 292 2798 23’.

140 2842 233 2943 Cap.
261 2846 321 2934 23,
349 2846 393 2917 12
416 2844 508 2917 hacc
529 2844 707 2941 leguntur
729 2844 766 2914 in
791 2842 971 2940 exemplis
993 2842 1226 2915 nouissimis:

21 2958 22 3021 ἶ
98 2978 126 3037 et
152 2967 240 3039 deus
267 2988 389 3037 aerem
411 2963 618 3063 (Kayserus
642 2962 785 3060 amem)
812 2964 870 3036 ad
890 2975 1074 3059 erpmteus
1096 2964 1138 3037 de
1165 2962 1227 3035 im·

21 3158 22 3163 ,
94 3087 225 3159 mendo
254 3086 415 3172 masada,
443 3097 481 3157 ed
507 3083 646 3182 caepim
663 3084 818 3179 factum,
846 3081 1015 3183 Aepppiio
1043 3082 1121 3180 rapi
1146 3108 1226 3156 cou-

88 3204 217 3297 Jiatm·‚
260 3202 436 3294 tenditur,
481 3202 616 3277 malleis
643 3215 674 3276 et
699 3200 886 3275 incudibus
903 3200 1096 3300 fiperatm.
1136 3203 1228 3275 haec

95 3322 145 3395 ita
171 3332 397 3412 narrantur,
427 3324 532 3419 quasi
555 3322 702 3395 Amasis
727 3322 793 3419 qui
816 3321 1048 3420 significatur
1070 3324 1132 3417 (ci.
1153 3320 1227 3395 He-

95 3442 215 3519 rodot.
245 3441 291 3534 II,
319 3442 407 3541 172)
437 3443 627 3541 operarius
654 3442 769 3515 fucrit
796 3451 833 3514 et
857 3442 937 3539 ipse
965 3441 1077 3532 deum
1109 3442 1147 3514 in
1174 3443 1227 3515 in·

98 3563 189 3636 cude
217 3563 422 3636 fabricatus
446 3564 503 3636 sit.
539 3564 604 3636 sed
626 3563 765 3636 rectius
790 3562 836 3634 de
857 3560 939 3634 loca
960 3558 1228 3635 'Gatakerus

97 3682 295 3781 iudicauit,
324 3684 390 3780 qui
417 3708 503 3757 cum
529 3684 683 3757 uidisset
709 3682 827 3755 uerba
852 3693 890 3753 ut
916 3680 1055 3779 caepim
1072 3681 1225 3776 fectum

97 3800 265 3903 Aeppptio
291 3803 369 3901 repi
392 3804 488 3877 inter
515 3828 554 3877 se
582 3804 796 3893 cohaerere,
825 3800 904 3875 eius
930 3801 1013 3875 loco
1041 3801 1143 3897 quod
1170 3810 1227 3873 est

98 3923 235 4020 saepius
261 3933 327 3995 aut
353 3923 497 4021 iepimes
524 3934 589 3996 aut
615 3924 744 3997 scimus
781 3919 1015 3995 scribendum
1042 3945 1121 3993 esse
1143 3944 1226 4017 pro·

98 4042 232 4137 posuis.
269 4042 424 4139 propius
451 4057 576 4115 tamen
603 4044 650 4116 ad
676 4043 901 4139 scripturam
926 4041 1100 4113 traditam
1128 4064 1225 4113 acce·
1326 4095 1329 4102 Α

102 4159 154 4231 dit
181 4163 391 4235 coniectura
417 4187 439 4233 a
462 4160 673 4236 Vonckio
699 4163 737 4235 in
765 4163 864 4235 lectt.
887 4160 982 4232 Lati.
1009 4185 1045 4257 p.
1070 4163 1118 4233 56
1141 4186 1226 4258 pro-

102 4280 278 4374 positam
300 4281 717 4380 aceepimasjadumA.
744 4282 829 4378 rapi.
856 4280 923 4352 hac
949 4290 1097 4378 recepta
1122 4289 1226 4354 totus
