3050 4984
287 332 347 397 198
698 333 844 405 Sulpicii
868 334 982 390 Seueri

286 487 365 553 esset
389 487 501 567 oratio,
531 504 590 553 uox
620 488 689 570 ipsa
714 492 841 574 cogebat
870 491 1026 573 hucusque
1050 488 1206 573 prolatum
1230 485 1317 553 linire
1341 502 1408 551 ser·

255 607 415 666 emonem.
448 608 556 655 uerum
581 591 655 672 quia
677 593 715 657 de
739 593 867 659 Martini
893 592 1063 659 uirtutibus
1090 608 1282 673 nequequam
1308 586 1407 670 expli·

284 692 347 759 cari
356 693 500 759 uniuersa
519 694 698 777 potuerrmt,
720 695 795 761 haec
820 713 875 761 uos
900 696 990 761 hodie
1015 694 1136 760 audisse
1162 691 1310 771 sufficiat,
1338 706 1407 755 cras

283 795 401 877 reliqua
425 796 571 863 dicemus.
598 797 644 863 ita
667 798 783 880 pariter
810 800 933 882 accepta
957 799 1016 865 hao
1040 796 1125 864 Galli
1150 795 1310 881 sponsione
1337 812 1406 859 sur·

284 916 425 965 ronmus.
1435 918 1449 957 s

609 1155 785 1224 DIALOG
794 1156 847 1225 VS
867 1155 1076 1224 TERTIVS.

256 1333 270 1395 Ι
325 1328 465 1393 Luceseit
478 1327 550 1407 hoc,
573 1327 677 1394 Galle:
699 1331 887 1413 surgendum
901 1331 956 1394 est.
979 1348 1061 1407 uam,
1076 1330 1112 1393 ut
1126 1328 1231 1406 uides,
1246 1329 1278 1392 et
1292 1326 1406 1391 Postu-

283 1431 403 1496 mianus
418 1430 514 1496 instat
537 1432 568 1497 et
592 1431 644 1496 hic
667 1432 840 1515 presbyter,
863 1432 916 1515 qui
930 1433 1071 1497 hesterno
1086 1431 1274 1497 auditorium
1289 1429 1405 1506 amisit,

283 1534 451 1616 exspectat,
474 1536 510 1598 ut
535 1553 610 1616 quae
635 1532 673 1598 de
697 1534 831 1599 Murtiuo
850 1535 953 1600 nostro
967 1535 1000 1599 in
1015 1535 1195 1599 hodiernum
1210 1523 1293 1598 die'm
1307 1532 1405 1615 expli-

255 1638 379 1703 ecauda
391 1637 570 1716 distuleras,
593 1637 712 1703 debitor
726 1636 895 1721 sponsionis
910 1638 1043 1703 euoluas.
1066 1655 1126 1703 nou
1140 1638 1265 1721 ignarum
1280 1635 1404 1719 quidem
1416 1654 1444 1693 10

282 1740 341 1805 iste
355 1740 509 1818 omnium,
532 1758 738 1822 quaecumque
752 1741 949 1805 memoranda
963 1741 1049 1819 sunt,
1072 1740 1124 1805 sed
1145 1738 1243 1804 dulcis
1263 1740 1295 1804 et
1315 1739 1403 1822 grata

283 1843 417 1927 cognitio
431 1844 478 1907 est
492 1843 586 1908 etiam
598 1844 672 1908 nota
685 1844 847 1927 relegenti,
863 1843 1016 1926 siquidem
1029 1844 1139 1909 natura
1150 1842 1195 1907 ita
1206 1842 1404 1925 conparatum

283 1946 343 2024 sit,
366 1946 402 2009 ut
416 1946 541 2012 meliore
561 1947 630 2029 quis
650 1946 835 2012 conscicntia
855 1964 887 2011 se
907 1965 995 2011 nosse
1010 1946 1213 2031 congaudeat,
1229 1963 1307 2027 quae
1321 1944 1403 2009 rnul-

254 2051 386 2115 3torum
411 2049 596 2114 testimoniis
620 2068 680 2114 nou
706 2067 771 2115 esse
796 2050 912 2115 incerta
939 2051 1107 2134 cognoscat.
1131 2068 1203 2113 nam
1229 2049 1289 2131 [et]
1310 2047 1360 2113 hie
1386 2066 1404 2112 a

281 2152 383 2235 prima
406 2152 612 2218 adnleseentia
632 2153 802 2218 Martinum
827 2154 948 2217 secutus
969 2153 1056 2218 uouit
1071 2153 1196 2235 quidem
1211 2151 1328 2227 omnia,
1351 2150 1403 2214 sed
1416 2173 1441 2212 rs

281 2254 413 2320 libenter
439 2256 561 2340 cognita
585 2256 782 2340 recognoscit.
812 2254 930 2321 fatebor
950 2256 1033 2321 enim
1053 2256 1127 2333 tibi,
1151 2254 1255 2331 Galle,
1278 2251 1405 2317 Martini

283 2357 361 2423 mihi
376 2358 496 2440 saepius
511 2359 632 2424 auditas
647 2377 711 2423 esse
725 2359 873 2438 uirtutes,
890 2360 1002 2442 quippe
1017 2358 1070 2441 qui
1085 2359 1122 2423 de
1137 2376 1172 2423 eo
1187 2358 1282 2423 etiarn
1293 2356 1406 2421 litteris

283 2462 384 2526 multa
397 2461 625 2526 mandauerim:
641 2461 694 2526 sed
708 2480 762 2543 per
776 2463 934 2546 gestorum
947 2461 1184 2527 admirationem
1199 2479 1317 2543 semper
1327 2458 1404 2523 mihi

283 2582 364 2629 noua
377 2565 464 2643 sunt,
486 2583 563 2647 quae
578 2564 615 2629 de
629 2565 684 2628 illo
698 2564 773 2629 licet
788 2564 894 2630 audita
915 2564 1034 2647 saepius
1048 2564 1257 2629 reuoluuntur.
1281 2562 1405 2646 proinde

284 2667 426 2731 additum
450 2667 538 2731 nobis
562 2666 768 2751 Refrigerium
789 2666 959 2731 auditorem
980 2684 1014 2731 eo
1034 2668 1189 2752 inpensius
1203 2666 1403 2751 gratulamur,
1415 2682 1443 2725 eo

284 2786 343 2851 quo
357 2770 530 2852 promptius
544 2769 763 2834 Postumianus
778 2769 851 2848 iste,
867 2770 920 2851 qui
935 2770 1009 2835 haec
1019 2769 1137 2835 Orienti
1148 2768 1258 2834 inferre
1270 2768 1404 2847 festinat,

283 2870 372 2953 quasi
396 2871 453 2935 sub
478 2872 609 2936 testibus
636 2872 849 2955 consignatam
863 2873 917 2937 abs
933 2875 964 2938 te
978 2875 1157 2956 accepturus
1172 2874 1219 2937 est
1233 2872 1403 2937 ueritatem.

283 2973 358 3037 haec
371 2992 420 3037 me
434 2974 590 3055 loquente,
613 2973 703 3039 Gallo
727 2975 790 3040 iam
811 2976 850 3040 ad
863 2977 1049 3041 narrandum
1063 2977 1183 3059 parato,
1206 2976 1302 3040 inruit
1316 2975 1405 3038 turba

254 3076 516 3156 4monachorum,
538 3077 691 3162 Euagrius
715 3078 889 3161 presbyter,
912 3079 1011 3161 Aper,
1044 3078 1222 3158 Sabbatius,
1244 3077 1404 3162 Agricola:

337 3312 353 3369 1
371 3313 505 3382 prolatum
519 3314 555 3369 V:
572 3317 736 3385 pertractum
747 3318 852 3372 Laetae
857 3358 866 3386 ,
883 3320 1049 3387 protractum
1059 3318 1132 3374 AFu
1200 3318 1218 3375 3
1236 3317 1301 3371 haec
1311 3349 1343 3356 —
1353 3317 1406 3371 sui-

283 3398 358 3453 ficiat
380 3415 428 3453 cru.
454 3399 480 3454 V
528 3401 548 3457 4
565 3403 593 3454 et
613 3401 740 3471 sulpicius
760 3402 802 3456 ita
817 3404 844 3459 V
863 3404 874 3472 ΙΙ
897 3403 1056 3460 hacBMV:
1069 3420 1117 3459 cm,
1140 3404 1210 3459 AFo
1261 3403 1406 3472 iiErplieit

282 3484 353 3539 liber
364 3484 462 3539 tertius
475 3487 513 3552 A,
533 3487 650 3556 Explicit
661 3488 730 3542 liber
742 3489 840 3543 tertius
852 3489 884 3544 de
896 3490 956 3544 uita
967 3481 1011 3546 Sci
1022 3490 1134 3545 Martini
1150 3489 1281 3559 Dialogus
1299 3488 1404 3543 secundi

282 3604 346 3672 (sic)
367 3605 502 3669 F31linit
522 3606 536 3659 1
556 3608 583 3660 ts
603 3607 631 3676 (i.
654 3623 675 3662 e.
697 3609 842 3680 tractatus)
862 3610 958 3680 incipit
978 3610 1100 3679 sequenti
1120 3610 1163 3665 die
1183 3610 1215 3664 dc
1231 3608 1322 3663 eadem
1338 3624 1366 3662 re
1382 3610 1407 3664 V

334 3690 352 3747 7
370 3691 419 3745 hoe
434 3690 470 3745 V:
488 3707 503 3745 o
515 3693 601 3757 ΑΜ
614 3699 653 3748 eet
660 3694 774 3762 placaris
785 3696 886 3751 canica
897 3696 1008 3750 lucescit
1019 3696 1068 3751 hoo
1079 3697 1146 3761 iarn,
1158 3714 1184 3751 a.
1199 3694 1299 3750 Plauti
1306 3694 1403 3764 Amph.

283 3776 313 3845 1,
331 3778 364 3844 3,
382 3780 424 3831 45.
439 3777 498 3831 Ter.
509 3778 610 3833 Heaui.
624 3780 683 3847 111,
703 3784 727 3849 1,
745 3786 762 3834 1
813 3780 832 3838 8
849 3781 1002 3836 hesternum
1015 3782 1080 3837 ΒΜ
1097 3784 1109 3850 ΙΙ
1132 3783 1294 3837 auditorium
1314 3782 1405 3837 amisit

281 3861 522 3932 ABFMQVqsec
536 3863 708 3933 Qadmisit).·
721 3866 855 3921 auditorio
867 3870 910 3921 cst
921 3867 1081 3923 admissusc
1128 3868 1166 3926 10
1182 3870 1290 3923 euoluas
1306 3885 1355 3924 om.
1369 3869 1401 3932 A,

282 3948 402 4003 exsoluus
410 3949 498 4016 pauci
509 3948 573 4004 dete.
642 3950 678 4006 11
697 3951 750 4005 iste
761 3954 804 4005 est
815 3953 846 4006 F
859 3968 927 4007 corr.
940 3970 974 4007 m.
988 3956 1008 4007 2
1086 3954 1123 4012 12
1141 3954 1182 4008 ita
1193 3970 1243 4009 om.
1260 3955 1295 4018 V,
1314 3954 1405 4009 isteA

335 4034 373 4090 13
390 4035 485 4089 melior
500 4036 527 4090 V
543 4036 555 4103 ΙΙ
574 4036 742 4104 congaudeat
752 4037 913 4108 AFMQV:
931 4038 1075 4107 gaudeatc
1137 4040 1174 4097 14
1191 4041 1326 4110 cognoscit
1336 4040 1404 4095 w

292 4120 305 4187 ΙΙ
327 4121 356 4172 et
367 4136 416 4174 orn.
433 4119 459 4174 V
520 4120 558 4179 15
576 4123 685 4189 sequtus
701 4121 727 4176 V
791 4122 828 4181 18
846 4124 893 4177 sed
910 4125 1018 4193 —sunt]
1031 4125 1099 4181 AV:
1117 4129 1190 4180 11-
1201 4126 1256 4180 sint
1268 4128 1338 4181 Vtra
1349 4142 1401 4181 rec.

281 4206 349 4258 112
402 4205 438 4262 19
457 4206 562 4276 saepius
574 4206 668 4261 audita
679 4209 710 4262 F
770 4208 808 4267 23
826 4210 1032 4279 adloquendum
1044 4212 1071 4265 A
1122 4212 1162 4270 24
1179 4212 1249 4282 Aper
1261 4228 1309 4269 om.
1327 4212 1362 4277 V,
1376 4218 1404 4268 ct

285 4288 322 4354 cf.
333 4305 361 4357 p.
372 4293 437 4359 199,
448 4295 484 4346 10
503 4294 516 4360 ΙΙ
536 4293 674 4348 sabbatius
691 4294 727 4349 V:
746 4295 915 4350 sebastianus
927 4296 999 4352 rue
