3050 4984
556 391 669 446 (ihren.
690 392 711 454 Ι,
731 389 850 449 33-35.
1220 391 1262 455 37

122 543 237 608 antem
258 563 362 609 omnes
382 546 415 610 in
434 545 541 630 fugam
562 548 641 611 uersi
663 549 824 614 uictoriam
845 564 1023 612 concessere.
1046 546 1099 610 sed
1118 545 1292 627 eproelioc

122 648 262 711 reuersis
274 649 392 712 multus
399 649 478 713 circa
484 650 586 714 Dauid
596 650 685 715 fauor
695 651 847 716 inuidiam
858 651 940 733 rogis
950 648 1135 714 accenderat.
1150 648 1263 712 timens

123 751 235 814 autem
258 752 324 814 tam
346 770 452 815 carum
474 753 615 817 omnibus
638 773 709 818 cum
731 754 850 818 inuidia
871 755 904 817 et
924 751 1056 834 pernicie
1068 769 1190 828 necare,
1205 752 1263 815 sub

123 853 230 935 specie
250 853 373 918 honoris
394 855 543 919 obiectare
564 874 635 920 eum
649 857 793 938 periculis
813 855 933 920 statuit.
956 873 992 918 ae
1011 854 1148 936 primum
1161 853 1290 922 tribu-7

103 973 205 1020 snum
221 975 294 1020 eum
314 956 441 1034 fecerat,
466 959 502 1021 ut
520 977 586 1022 rem
601 959 743 1024 bellicam
764 960 899 1024 curaret:
922 958 1007 1035 inde,
1030 975 1102 1022 cum
1121 957 1150 1021 ei
1164 957 1262 1020 liliam

123 1059 355 1140 spopondisset,
378 1059 472 1124 fidem
492 1060 586 1145 fregit
606 1079 733 1144 eamque
753 1063 844 1127 alteri
857 1061 995 1126 tradidit.
1017 1076 1088 1125 mox
1101 1060 1167 1124 filia
1180 1060 1263 1142 regis

123 1163 203 1225 natu
227 1161 342 1238 minor,
372 1163 505 1226 Melohel
526 1164 663 1243 nomine,
694 1182 797 1230 amere
818 1165 921 1230 Dauid
942 1163 1071 1247 flagmre
1097 1163 1260 1245 occeperat.

123 1263 227 1347 igitur
242 1265 420 1345 nuptiarum
435 1266 500 1330 eius
514 1265 691 1332 istiusmodi
707 1269 912 1333 conditionem
925 1267 1081 1349 proponit:
1096 1267 1124 1330 si
1138 1267 1262 1330 centum

9 1441 10 1444 Ἴ
121 1367 289 1448 praeputia
309 1368 411 1432 Dauid
432 1387 468 1431 ex
488 1369 627 1434 hostibus
646 1371 818 1448 retulisset,
840 1371 958 1454 regiam
977 1369 1131 1454 uirginem
1151 1369 1261 1433 matri·

89 1489 113 1526 ιο
122 1470 232 1534 monio
248 1470 333 1534 illius
348 1489 516 1536 cessuram:
538 1473 678 1555 sperabat
692 1474 776 1538 enim
797 1474 939 1538 iuuenem
958 1473 1127 1556 periculosa
1146 1471 1260 1536 auden·

8 1621 9 1630 ,
121 1575 189 1636 tem
205 1571 299 1636 facile
313 1573 493 1655 peritunrm.
516 1576 568 1639 sed
588 1576 679 1660 longe
698 1575 790 1641 aliter
809 1595 845 1641 ac
858 1577 944 1642 ratus
958 1577 1024 1640 erat
1037 1575 1156 1640 euenit:
1176 1588 1288 1652 namt}

121 1677 160 1739 ut
182 1679 396 1757 proposuerat,
425 1678 557 1762 impigre
577 1679 678 1743 Dauid
701 1681 824 1744 centnm
846 1679 1006 1762 praeputia
1026 1697 1063 1742 ex
1083 1676 1260 1759 Allophylis

121 1779 251 1842 retulit:
267 1780 359 1861 atque
373 1780 419 1844 ita
433 1782 514 1864 regis
528 1781 626 1846 filiam
641 1783 674 1846 in
688 1783 885 1847 matrimonio
899 1782 1024 1864 aceepit.

167 1881 332 1946 Crescebat
366 1882 398 1947 in
427 1884 491 1947 dies
520 1885 553 1948 in
581 1903 652 1949 oum
680 1885 761 1970 regis
790 1886 896 1951 odium
924 1885 1103 1950 stimulante
1131 1883 1258 1961 inuidia,
1269 1893 1310 1956 36

87 1985 197 2066 aquia
219 1985 314 2049 bonos
334 2003 453 2068 semper
472 1987 548 2051 mali
570 1987 767 2054 insectantur.
790 1989 889 2073 igitur
901 1988 1053 2054 ministris
1068 1988 1100 2051 et
1114 1986 1259 2051 Ionathae

121 2087 188 2152 filio
203 2088 385 2170 imperauit,
402 2090 485 2153 uitae
499 2091 565 2154 eius
580 2093 616 2155 ut
629 2091 757 2156 insidias
772 2094 921 2173 pararent.
945 2092 998 2156 sed
1012 2090 1157 2155 Ienatbae
1171 2102 1286 2155 carust

121 2191 327 2273 acceptusque
348 2192 411 2256 iam
432 2193 501 2257 inde
516 2213 534 2257 a
547 2194 696 2276 principie
711 2194 814 2259 Dauid
834 2194 948 2260 fuerat:
971 2195 1075 2276 itaque
1093 2211 1145 2257 rex
1159 2193 1257 2267 incrof

121 2294 209 2375 pitus
225 2313 243 2358 a
258 2293 322 2357 filio
337 2295 497 2359 cruentum
512 2296 677 2377 imperium
691 2297 844 2379 repressit.
867 2297 921 2360 sed
940 2314 1001 2360 non
1020 2296 1075 2359 din
1095 2295 1171 2359 mali
1184 2293 1286 2359 bonis

122 2399 207 2460 sunt.
225 2415 298 2460 nam
312 2415 383 2482 curn
398 2398 509 2479 spiritu
524 2399 632 2463 enoris
648 2399 720 2464 Saul
735 2399 938 2483 affligeretur,
961 2399 1048 2479 eique
1061 2396 1164 2461 Dauid
1178 2396 1256 2459 assi·

87 2510 112 2550 ²⁰
121 2500 228 2576 staret,
245 2500 363 2564 cithara
377 2501 566 2566 laborantem
581 2502 738 2580 deliniens,
751 2503 856 2566 lancea
869 2521 940 2565 eum
954 2501 1045 2566 ferire
1059 2499 1185 2563 conatus
1199 2499 1256 2575 est,

121 2602 182 2666 nisi
198 2602 253 2666 illc
268 2602 393 2668 letalem
404 2603 502 2668 ictum
514 2623 638 2686 propere
653 2606 842 2670 declinasset.
858 2604 965 2669 6111116
978 2603 1043 2668 iam
1053 2619 1113 2666 non
1127 2600 1284 2678 occulte,4

120 2705 175 2769 sed
190 2705 295 2786 palam
310 2706 338 2769 ei
353 2725 457 2770 necem
471 2707 612 2788 parabat:
633 2727 688 2772 nec
709 2708 792 2772 ultra
805 2725 837 2772 se
852 2707 954 2772 Dauid
973 2706 1040 2790 regi
1060 2703 1200 2770 eredidit.
1220 2722 1256 2768 ac

120 2809 262 2889 primum
283 2807 405 2892 fugiens
427 2810 466 2873 ad
488 2809 662 2874 Samuelem
684 2829 716 2875 se
738 2811 884 2889 eontulit,
911 2811 982 2875 inde
1002 2810 1041 2874 ad
1063 2807 1254 2886 Abimeleoh,

119 2913 276 2991 postremo
291 2911 330 2975 ad
345 2930 450 2996 regern
460 2913 550 2977 Moab
565 2913 713 2996 confugit.
730 2932 800 2977 mox
814 2933 868 2996 per
878 2912 947 2978 (161
960 2911 1140 2994 prophetam
1154 2910 1254 2974 moni·

85 3027 109 3066 ²⁵
119 3015 171 3077 tus
194 3013 228 3078 in
248 3015 362 3078 ternam
377 3015 470 3080 Iudae
490 3035 660 3099 regressus,
684 3016 768 3081 uitae
787 3016 959 3098 periculum
978 3014 1065 3079 adiit.
1086 3032 1123 3078 ea
1135 3014 1282 3094 tempe-5

119 3117 203 3180 state
217 3115 291 3180 Saul
306 3117 486 3182 Abimelech
502 3119 688 3183 sacerdotem
703 3119 876 3197 interemit,
893 3137 946 3182 cnr
960 3116 1063 3182 Dauid
1077 3117 1252 3198 recepisset:

120 3220 151 3282 et
174 3237 248 3282 cum
274 3238 310 3282 ex
338 3219 489 3284 ministris
516 3221 610 3305 regiis
637 3238 727 3286 nomo
748 3222 782 3286 in
802 3222 990 3287 sacerdotem
1011 3237 1120 3283 manus
1142 3218 1254 3283 inferre

120 3322 261 3398 auderet,
284 3322 366 3386 Doec
380 3321 474 3405 Syrus
490 3325 650 3388 cruentum
665 3324 874 3388 ministerium
889 3324 1031 3388 executus
1051 3324 1106 3386 est.
1135 3322 1206 3404 post
1219 3321 1281 3389 116

119 3423 223 3488 Dauid
244 3423 399 3489 desertum
418 3426 518 3506 petiit.
541 3426 617 3490 illue
632 3445 750 3509 quoqne
765 3446 837 3491 eum
851 3426 925 3491 Saul
938 3426 1114 3508 persecutus
1127 3427 1183 3503 est,
1199 3424 1252 3488 sed

84 3547 110 3586 ao
119 3527 205 3592 inani
220 3528 389 3610 operosius
405 3529 534 3593 exitirrm
549 3529 748 3608 moliebatur,
773 3548 865 3612 quem
879 3530 962 3594 Deus
976 3529 1164 3614 protegebat.
1187 3528 1252 3591 erat

225 3750 355 3818 lllteg.
377 3751 421 3808 18.
460 3751 495 3806 19
515 3750 676 3820 1116320.
713 3751 784 3807 241
802 3751 866 3820 Reg.
886 3751 932 3807 22.
969 3751 1007 3807 29
1025 3751 1040 3803 Ι
1057 3750 1121 3818 ch.
1141 3748 1187 3804 24.

151 3935 327 4005 ''3p'erneoie
348 3937 374 3991 P
437 3935 590 4009 ἹΜελχόλ
619 3939 721 4007 LXX,
747 3938 848 3992 Michal
865 3945 929 3994 tect.
948 3940 1018 3994 hebr.
1103 3937 1139 3993 13
1157 3934 1251 3988 matri·

117 4022 205 4076 monio
227 4023 267 4076 P:
286 4023 522 4078 matrimoniumb
585 4024 622 4081 21
641 4025 768 4078 lectalem
790 4026 817 4079 P
885 4025 924 4081 23
941 4023 1108 4086 Abimclech,
1134 4023 1196 4090 post
1216 4020 1251 4074 ad

116 4123 206 4176 regem
219 4107 303 4172 Geth,
322 4110 456 4177 postremo
467 4111 592 4164 1166661666
644 4111 682 4168 25
700 4109 729 4164 in
746 4113 767 4164 t.
786 4110 857 4164 Jnda
874 4112 943 4166 66661.
957 4109 992 4164 dc
1002 4110 1104 4175 Proto,
1123 4114 1155 4161 ut
1167 4113 1206 4161 eet
1217 4107 1250 4162 a'rc

117 4192 207 4246 LXX
217 4197 258 4253 εἰς
269 4195 324 4263 γῆν
336 4191 431 4248 Ἰούδα
485 4195 523 4252 26
542 4196 818 4264 curP:quod¹b,·cf.
834 4197 1033 4250 16111166.
1088 4193 1126 4250 28
1138 4194 1200 4261 doec
1213 4195 1249 4262 P,

117 4277 190 4346 Doeg
202 4279 233 4347 1,·
252 4281 288 4345 cf.
302 4280 395 4333 LXX
405 4278 489 4348 Δωήκ
511 4283 523 4348 ΙΙ
548 4282 617 4334 sirus
631 4281 659 4335 P
710 4281 748 4338 29
766 4285 940 4351 persequutus
952 4282 969 4334 b
984 4283 997 4348 11
1013 4279 1059 4333 661
1070 4295 1119 4335 orn.
1134 4281 1169 4348 P,
1182 4282 1247 4347 fort.

118 4368 284 4433 persecutus,
305 4367 346 4420 set
358 4365 433 4419 inani
486 4367 525 4423 30
543 4366 643 4421 exitum
661 4368 688 4421 P
709 4369 721 4436 ΙΙ
744 4368 874 4421 Dominus
886 4367 908 4439 b*
