3050 4984
297 407 388 459 xvsst

297 576 380 636 tum.
420 559 544 636 Zaooa
566 574 597 635 et
620 557 841 661 ‚Chrysappas
873 572 940 636 etc.
974 563 1269 662 deprauationem
1298 572 1418 635 autem

297 682 367 756 loci
389 680 473 754 hino
497 691 613 753 ortam
637 706 715 754 esse
730 680 917 780 probabile
934 683 1087 773 uidetur,
1111 684 1307 781 quodcum
1330 706 1419 779 quae

298 803 343 876 de
361 801 610 900 Theophrasto
630 801 764 899 scripta
790 811 910 891 erant,
938 802 1231 894 intercidissent,
1254 828 1301 875 ex
1326 828 1422 874 mar-

298 922 382 1021 gine
406 920 570 1020 suppleta
592 931 628 994 et
649 923 686 993 in
714 921 873 994 alienum
899 922 1019 995 looum
1046 923 1193 997 nomine
1219 920 1422 1022 philosophi

298 1042 475 1135 (aristoles
495 1041 683 1138 ponticus)
715 1067 761 1114 ex
789 1042 922 1115 uicinia
947 1043 1072 1116 addito
1099 1042 1209 1115 inlata
1236 1053 1331 1115 sunt.

350 1160 460 1251 Quod
483 1186 511 1233 o.
532 1162 591 1252 20,
617 1164 637 1233 3
662 1162 700 1233 in
720 1162 844 1235 codiee
862 1164 1042 1260 seriptum
1061 1173 1133 1236 est:
1155 1175 1194 1235 ot
1212 1175 1336 1236 temere
1351 1184 1422 1233 ore·

298 1282 451 1357 diderint
477 1281 582 1356 etiam
609 1281 691 1354 olio
709 1281 814 1377 (tollo
839 1292 935 1355 reete
964 1282 1172 1380 Vonekius)
1204 1293 1423 1355 monstruoso

297 1403 393 1476 miro
418 1402 604 1492 miracula,
624 1400 780 1504 Scyllam
797 1402 1032 1501 muliplicem,
1069 1399 1294 1477 Chimaeram
1309 1399 1424 1474 malti-

293 1523 446 1613 formem
461 1532 545 1613 ete,
560 1523 635 1595 iam
651 1522 796 1620 primus
812 1520 932 1595 editor
943 1519 1108 1597 Sabaeus
1126 1532 1227 1596 reete
1244 1520 1425 1595 intellexit

296 1642 392 1716 maro
411 1644 511 1741 (ante
529 1641 718 1741 maraoula)
744 1667 792 1714 ex
808 1667 913 1715 mera
928 1643 1178 1743 dittographia
1193 1652 1319 1716 ortum
1335 1665 1423 1730 esse,

298 1763 402 1835 euius
426 1762 546 1835 simile
581 1772 637 1835 est
662 1762 798 1834 uitium
827 1787 903 1859 oap.
925 1766 984 1854 36,
1004 1765 1027 1837 5
1054 1764 1093 1836 in
1112 1764 1178 1835 hac
1197 1764 1332 1835 eodiois
1354 1762 1425 1833 leo·

298 1883 417 1955 tione:
446 1906 528 1955 aues
553 1882 628 1956 saite
651 1882 875 1981 patraluoaa‘o
900 1883 1027 1956 eruunt
1053 1896 1084 1957 et
1110 1884 1149 1957 a‘a
1175 1883 1268 1957 daem
1286 1906 1426 1981 puseus

291 2015 501 2101 poscuntur,
527 2027 602 2099 quo
629 2003 667 2075 in
695 2004 779 2076 loeo
795 2001 956 2075 Vrsinus
976 2003 1072 2077 uidit
1089 2002 1187 2076 illud
1192 2029 1335 2102 pascua
1351 2025 1426 2073 non

299 2120 560 2220 corrigendum
588 2121 653 2195 sed
679 2124 919 2197 resecandum
942 2149 1031 2197 esse.
1060 2125 1187 2197 eodem
1212 2124 1302 2195 uitio
1325 2121 1426 2194 labo-

298 2251 444 2315 nantem
466 2242 590 2315 locum
617 2240 766 2316 Firmiei
788 2242 948 2317 Materni
976 2243 1070 2343 (cap.
1095 2245 1155 2335 28,
1186 2248 1248 2316 11:
1271 2242 1355 2316 ttae
1375 2266 1426 2315 se-

298 2362 430 2437 ueritas
448 2384 610 2459 'poenae
651 2360 734 2437 haiae
766 2364 1087 2437 animaduersionis
1118 2376 1211 2437 meta
1243 2363 1428 2437 matoeado

298 2482 484 2579 sententio)
511 2483 580 2580 ipsi
608 2485 840 2556 correximus
866 2485 1023 2556 molesto
1050 2484 1115 2557 illo
1142 2496 1235 2557 metu
1267 2483 1427 2558 sublato

340 2600 582 2700 Disputatio,
607 2628 699 2699 quae
721 2628 742 2674 a
763 2602 923 2677 Minucio
947 2630 1021 2702 eap.
1038 2606 1187 2676 21-23
1211 2602 1427 2691 instituitur,

300 2747 432 2818 magna
459 2719 597 2795 laborat
624 2723 857 2812 confusione,
886 2724 950 2827 sed
975 2725 1066 2796 haec
1092 2750 1165 2797 non
1193 2724 1333 2796 auctori
1359 2720 1429 2821 ipsi

299 2842 524 2941 imputanda,
553 2842 616 2915 sed
643 2842 727 2915 inde
755 2854 834 2916 orta
860 2853 933 2932 est,
960 2844 1060 2941 quod
1086 2843 1122 2915 in
1152 2842 1275 2917 oodiee
1302 2842 1428 2915 arche·

300 2972 390 3062 typo
418 2963 506 3033 duas
534 2962 682 3035 sohedas
710 2964 805 3035 inter
832 2989 869 3036 se
895 2963 1134 3062 transpositas
1156 2965 1240 3036 ¹esse
1267 2972 1427 3061 apparet.

301 3082 371 3156 hoe
399 3082 536 3180 optime
561 3083 749 3180 perspexit
776 3082 809 3156 J.
839 3081 880 3157 G.
907 3082 1157 3157 Lindnerus
1180 3081 1238 3184 (ef.
1262 3084 1343 3156 eius
1366 3108 1429 3156 ex-

303 3230 452 3277 cursum
480 3202 545 3292 Ill,
571 3229 606 3300 p.
637 3206 709 3275 317
734 3228 787 3302 sq.
810 3204 864 3276 ed.
890 3205 943 3303 2),
971 3205 1033 3277 sed
1063 3229 1168 3276 nemo
1199 3229 1328 3276 sanum
1351 3203 1428 3276 eius

301 3322 477 3395 iudicium
504 3333 648 3396 seoutus
676 3333 732 3396 est
758 3333 903 3421 praeter
936 3322 1226 3396 Russwurmium
1253 3323 1291 3395 in
1319 3323 1428 3395 inter-

302 3443 505 3542 pretatione
528 3443 733 3539 germanio-a
751 3442 912 3531 Octauii,
937 3469 1027 3541 quae
1048 3441 1251 3539 Hamburgi
1274 3469 1303 3515 a.
1329 3443 1429 3516 1824

302 3561 448 3662 prodiit.
475 3548 812 3661 Minuciusprobat
838 3563 930 3651 illos,
958 3563 1021 3661 qui
1048 3563 1098 3636 <lii
1125 3574 1321 3658 putentur,
1363 3562 1428 3635 ho·

302 3683 421 3757 mines
447 3682 558 3756 fuisse
587 3694 623 3755 et
662 3694 746 3781 post
773 3694 927 3756 mortem
955 3694 1184 3757 consecratos
1210 3707 1299 3757 esse.
1326 3681 1428 3780 Lapa,

303 3803 422 3902 inquit
449 3805 501 3901 (p
526 3806 585 3892 29,
615 3805 671 3901 9),
697 3802 945 3877 historicorum
971 3804 1105 3902 sarapta
1130 3805 1187 3877 uel
1210 3803 1345 3901 sarapta
1371 3828 1428 3875 so·

301 3924 492 4023 pientiam:
519 3926 639 3997 audem
664 3949 800 3997 meeum
825 3950 1059 4024 reooqaosees.
1086 3924 1158 3996 iam
1183 3922 1345 4021 primum
1367 3921 1429 3993 ad-

303 4044 375 4117 fert
390 4043 691 4141 philosophorum
706 4043 914 4116 testimonia
929 4046 980 4141 (p.
1002 4048 1062 4133 29,
1082 4041 1258 4140 13-21)‚
1286 4041 1427 4128 deinde,

304 4175 345 4237 ut
372 4165 463 4237 ordo
489 4175 544 4237 est
571 4163 608 4235 in
636 4163 713 4237 eod.
741 4162 924 4255 Parisino,
947 4165 1068 4237 subito
1095 4163 1226 4237 transit
1252 4162 1298 4235 ad
1325 4186 1426 4234 saera

303 4296 342 4356 et
363 4286 536 4383 mysteria
559 4285 880 4382 (p.31‚10sqq.):
904 4285 1089 4358 ooasa'dera
1111 4284 1288 4381 deaeque
1308 4278 1427 4381 [quasi
