3050 4984
548 387 661 445 (ibren.
680 387 702 454 Ι,
722 387 835 447 31-33
1208 388 1251 456 35

100 541 299 627 flagitarent.
330 543 380 608 his
401 544 492 628 atque
512 543 582 610 aliis
596 543 774 611 istiusmodi
787 543 903 610 frustra
917 543 1020 624 dietis,
1036 561 1108 610 anm
1121 543 1280 627 populusa

103 645 142 710 in
170 645 324 711 sententia
344 647 564 729 perseueraret,
591 647 693 714 Deum
713 647 854 713 consulit.
870 648 924 731 qui
940 648 1097 731 permotas
1111 647 1254 713 neeordia
1302 687 1305 692 -

104 747 238 814 insanae
254 749 356 834 gentis
373 749 454 814 nihil
474 750 638 816 aduersum
653 769 685 816 se
699 750 874 833 petentibus
887 750 1064 836 negandum
1077 750 1244 834 respondit.

151 851 206 916 Ita
221 849 311 931 Saul,
335 852 520 918 sacerdotali
540 853 626 936 prius
647 851 817 919 aSamuelo
839 855 995 939 unguente
1020 852 1171 936 perinsus,
1198 856 1302 920 33333

81 953 301 1019 soonstitutns
316 956 372 1020 est.
393 955 445 1020 hie
460 974 500 1021 er
514 955 601 1021 tribu
614 955 793 1036 Beniamin,
814 955 866 1022 (lis
879 957 966 1039 patre
980 957 1081 1036 ortus,
1097 956 1254 1021 modestos

103 1056 218 1135 animi,
234 1057 334 1123 forma
345 1058 513 1139 excellenti,
526 1059 563 1124 31
576 1059 686 1124 merito
698 1058 836 1144 dignitas
849 1059 982 1142 eorporis
993 1058 1141 1144 dignitati
1151 1059 1253 1144 regine

104 1161 298 1226 oonueniret.
320 1161 373 1226 sed
393 1161 543 1245 principio
563 1162 653 1247 regni
673 1162 767 1227 huius
782 1163 940 1246 aliquanta
960 1162 998 1228 ab
1012 1180 1133 1245 sapam
1146 1162 1278 1246 populin

104 1262 294 1343 destinarat,
309 1282 413 1347 parere
427 1264 492 1347 imp
497 1265 560 1330 erio
575 1264 720 1344 abnuens,
736 1283 828 1348 seque
842 1265 1032 1332 Ammonitis
1047 1266 1250 1332 eonionxerat.

103 1365 162 1429 sed
176 1365 200 1430 h
212 1383 251 1430 os
267 1365 341 1432 Saul
355 1367 476 1452 inpigre
497 1367 583 1432 ultus
598 1369 659 1433 est:
682 1368 759 1433 31311
774 1368 892 1447 hostes,
915 1369 1005 1434 uenia
1018 1370 1166 1436 Hebraeis
1180 1370 1254 1433 data

69 1468 177 1538 retum
200 1467 279 1534 Sanl
300 1470 413 1535 iterato
436 1489 454 1535 3
474 1469 616 1536 Samuele
637 1471 748 1536 unctus
770 1471 913 1537 traditur.
929 1473 1000 1538 inde
1014 1472 1275 1558 Allophyloruma

102 1571 282 1655 irruptione
302 1572 389 1637 atrox
410 1572 528 1638 bellum
549 1575 702 1639 exortum:
724 1574 828 1640 loeum
848 1575 994 1640 exercitui
1015 1575 1054 1641 ad
1069 1574 1248 1640 conuenien-

101 1675 180 1738 dum
195 1673 274 1739 Saul
288 1674 322 1740 in
335 1674 474 1760 Galgalis
490 1676 698 1742 constituerat.
715 1677 746 1741 et
760 1695 832 1742 eum
845 1696 899 1761 per
912 1678 1030 1761 septem
1043 1678 1110 1744 dies
1121 1676 1276 1743 Samae-4

101 1775 170 1842 lem
186 1778 357 1860 opperitur,
373 1779 409 1844 31
425 1779 609 1845 sanifioium
618 1781 683 1845 Deo
698 1779 794 1860 fieret,
808 1781 950 1847 tardante
962 1781 1018 1846 illo
1032 1799 1103 1846 aum
1117 1780 1247 1864 populns

102 1879 313 1960 dilaberetur,
334 1880 446 1947 illioita
466 1883 712 1966 praesumptione
731 1901 783 1947 rex
797 1883 836 1949 ad
855 1884 956 1950 uioem
974 1883 1139 1950 saeerdotis
1158 1881 1246 1947 holo-

70 1985 258 2050 3333313333
273 1983 403 2050 obtulit:
424 1985 619 2069 multumque
633 2005 652 2050 a
667 1985 807 2052 Samuele
827 1987 994 2070 increpitus
1008 2005 1075 2053 sera
1088 1986 1245 2070 peecatum

3 2235 4 2240 η
104 2209 416 2272 erumperuass.
583 2210 782 2257 osnman
851 2211 958 2277 ngesr
1010 2211 1030 2275 p
1113 2211 1149 2257 ns
1229 2225 1244 2238 ·

103 2293 216 2358 aulum
238 2293 453 2380 ostendebant,
475 2313 573 2378 neque
595 2295 739 2378 cuiquam
753 2295 881 2360 exeundi
895 2295 928 2360 in
942 2295 1094 2377 proelium
1107 2293 1241 2358 animus:

3 2455 4 2480 1
102 2397 212 2480 plures
234 2397 332 2462 lamas
354 2397 536 2480 petiuerant.
565 2416 638 2463 nam
659 2399 778 2482 praeter
799 2397 1046 2462 imbooillitatem
1060 2396 1239 2470 animorum,

3 2505 4 2538 f
69 2501 157 2583 aequi
181 2499 323 2564 alienum
345 2520 363 2565 a
385 2519 417 2565 33
438 2501 539 2566 Deum
554 2501 770 2586 3333133333
783 2499 1032 2587 [arbitrabantur,
1055 2492 1240 2576 inssmaxima

103 2603 363 2668 ferramentorum
378 2603 480 2686 inopia
494 2604 643 2669 exereitus
658 2606 732 2684 erat,
748 2604 822 2669 adeo
837 2605 873 2668 nt
887 2604 1005 2686 praeter
1018 2595 1088 2666 Seni
1102 2595 1134 2660 et
1148 2595 1238 2660 Iona·

102 2707 180 2771 than
203 2705 306 2770 filium
327 2706 392 2771 eius
414 2725 502 2772 nemo
525 2708 665 2792 gladium
686 2709 741 2772 aut
767 2709 904 2773 laneeam
927 2703 1066 2771 habuisse
1087 2697 1236 2764 tradatur.

102 2829 181 2874 nam
197 2807 369 2893 Allophyli,
385 2810 538 2892 superiore
551 2810 633 2875 bello
648 2810 795 2890 uiatores,
811 2811 887 2875 notis
901 2823 989 2873 usum
1003 2799 1151 2866 Hebraeis
1165 2800 1236 2866 ade·

102 2913 243 2991 merant,
263 2930 361 2995 neque
383 2913 527 2995 cuiquam
549 2913 726 2978 conficiendi
746 2914 803 2978 teli
825 2912 926 2978 belliei
945 2907 1000 2970 331
1018 2903 1127 2967 rustioi
1140 2903 1236 2969 ferra-

68 3015 205 3083 aamenti
219 3015 355 3096 potestas
370 3015 479 3081 fuerat.
502 3016 601 3100 igitur
613 3017 749 3097 1133331133
769 3013 875 3082 andaei
894 3005 1033 3084 33331113,
1054 3005 1119 3070 ⁸⁰1⁰
1139 3008 1263 3072 armi-e

100 3136 175 3204 gero
193 3136 249 3183 suo
264 3119 385 3197 aomite,
407 3119 507 3183 eastra
520 3119 659 3184 bostium
673 3121 826 3204 ingressus
840 3108 952 3194 uiginti
967 3107 1029 3172 fero
1043 3126 1079 3173 0¹
1093 3108 1234 3174 hostibus

101 3222 314 3304 interemptis,
343 3221 523 3287 uniuersum
545 3223 710 3288 exereitum
731 3222 843 3284 terrore
862 3209 1040 3292 perculerat.
1070 3211 1140 3276 tum
1160 3219 1260 3278 nero?
1353 3301 1356 3307 Ι
1458 3259 1461 3267 .

207 3426 341 3496 411133.
361 3426 379 3483 9
398 3429 425 3480 31
445 3427 483 3485 10
519 3428 556 3484 12
574 3428 637 3496 Reg.
659 3422 699 3477 13.
737 3417 775 3476 25
792 3415 808 3470 I
823 3416 888 3484 Bag.
910 3415 955 3474 14.

153 3591 368 3652 2Dominumb
442 3599 523 3656 4113
541 3599 582 3652 P:
601 3589 722 3660 131th
753 3590 765 3656 l
797 3587 862 3642 Saul
879 3589 908 3642 ⁶²
935 3603 984 3642 0²²³·
1003 3589 1031 3644 P
1110 3591 1229 3648 501001·

97 3682 170 3736 lenti
187 3683 230 3737 P,-
248 3684 388 3738 excellenti
409 3687 466 3738 erat
484 3685 500 3738 b
570 3677 585 3733 9
606 3675 651 3730 sed
663 3706 695 3714 -
708 3674 787 3728 uenia
805 3675 846 3727 P:
866 3674 965 3728 Verum
976 3673 1024 3730 hos
1037 3674 1102 3730 Saul
1113 3677 1227 3749 impigre

5 3777 6 3848 j
99 3768 175 3822 ultus
188 3770 242 3822 est:
261 3769 380 3839 uictique
393 3770 493 3832 hostes,
512 3761 661 3818 etueniab
715 3759 752 3816 13
770 3760 907 3828 opperitur
919 3760 958 3815 P:
976 3762 1113 3832 opperitus
1125 3763 1227 3816 eseetb

5 3887 6 3978 o
109 3925 122 3991 p
144 3923 298 3978 nonnos
352 3925 387 3978 14
404 3919 583 3975 holocaustum
601 3917 628 3970 P
681 3914 717 3972 ra
735 3915 939 3983 poenitentiae
993 3916 1029 3974 19
1049 3847 1227 3969 emer

97 4008 173 4077 (add.
192 4010 243 4063 31.
262 4014 279 4063 1
294 4026 326 4063 m.
339 3997 382 4061 nel
398 4003 525 4073 latebras)
542 4002 580 4067 P,
598 4001 749 4070 lachrymas
770 4003 798 4054 31
814 4001 932 4056 latebras
949 4002 981 4070 b,·
998 4003 1122 4056 herinias
1130 4003 1226 4070 patim

98 4109 132 4146 33
147 4093 235 4147 lamas
251 4096 408 4158 correptam
420 4103 475 4144 ease
488 4088 630 4157 perspexit
643 4088 772 4157 Bemaya
784 4087 894 4156 (erein.
908 4087 982 4142 Mae.
995 4088 1016 4154 f.
1030 4087 1127 4142 Pbslol.
1141 4087 1224 4156 XVI,

99 4180 163 4246 371)
185 4179 243 4234 eall.
266 4180 288 4234 I
300 4175 366 4246 sep.
389 4179 432 4244 13,
453 4178 477 4229 6.
550 4173 590 4230 20
606 4173 782 4228 Dominumb
809 4175 821 4243 ΙΙ
849 4173 953 4228 delectu
971 4173 998 4226 P
1019 4175 1031 4243 ΙΙ
1053 4172 1180 4227 imaxima
1198 4175 1227 4229 P

150 4263 188 4319 23
207 4262 353 4332 superiores
375 4260 428 4325 Pb,
447 4276 493 4314 em.
513 4259 652 4315 1113311333
671 4261 684 4328 11
704 4259 772 4314 33113
789 4258 901 4315 addidit
921 4259 1050 4328 Beraays
1068 4273 1101 4314 33
1121 4260 1144 4315 I
1153 4260 1221 4332 Reg.

97 4351 141 4418 13,
154 4343 209 4416 201·
227 4348 277 4402 3113·
287 4347 376 4416 suppl
390 4362 467 4400 usum
478 4361 609 4401 armorum

973 4432 1018 4497 3*
