3050 4984
323 349 403 415 132·
738 346 886 418 Sulpicii
903 308 1019 403 Seueri

318 521 337 567 o
359 522 452 587 quam
465 504 570 569 sancta
582 503 621 567 de
634 503 759 568 Domini
774 503 889 586 pietate
902 504 1129 590 praesumptio,
1145 504 1178 569 in
1192 522 1252 587 qua
1266 504 1325 570 etsi
1340 504 1451 569 auoto-

292 607 442 672 6ritatem
455 607 607 689 praestare
625 623 686 671 non
708 606 827 689 potuit,
850 607 984 671 ostendit
998 606 1151 672 affectum.
1175 608 1206 671 et
1227 606 1357 689 quiade
1376 607 1450 673 dia-

267 703 269 705 ’
316 710 386 775 bolo
400 710 596 791 eiusdemque
615 707 734 773 artibus
748 727 849 774 sermo
875 710 995 775 exortus
1022 710 1085 788 est,
1108 727 1168 774 non
1192 709 1230 774 ab
1252 728 1285 774 re
1309 710 1447 789 uidetur,
1488 792 1491 796 ι

332 812 390 877 ‘oet
403 812 602 889 extrinsecus,
616 810 727 876 referre
741 812 822 894 quod
837 814 961 897 gestum
978 813 1039 891 est,
1062 813 1135 894 quia
1149 812 1181 878 et
1195 813 1345 895 quaedam
1359 814 1392 877 in
1406 832 1443 877 eo
1494 896 1498 901 ἱ

316 914 444 981 Martini
457 915 611 979 uirtutum
624 914 723 996 portio
737 916 784 979 est
799 916 830 978 et
844 933 892 979 res
905 914 1000 999 digna
1013 916 1161 980 miraculo
1176 917 1256 980 recte
1271 917 1439 982 memoriae
1480 935 1495 975 e

317 1018 526 1095 mandabitur,
548 1016 767 1099 inexemplum
782 1018 923 1096 cauendi,
946 1018 1062 1101 siquid
1078 1019 1217 1100 deinceps
1232 1018 1353 1101 uspiam
1372 1020 1437 1084 tale

320 1121 497 1204 contigerit.

267 1232 308 1296 23
359 1222 464 1289 Olarus
479 1223 618 1306 quidam,
642 1222 817 1287 adulescens
830 1223 1060 1302 nobilissimus,
1083 1242 1155 1288 mox
1168 1224 1339 1308 presbyter,
1362 1244 1444 1289 nunc

315 1326 400 1392 felici
412 1327 520 1391 boatus
534 1344 671 1404 excessu,
694 1344 766 1390 curn
785 1326 900 1391 relictis
921 1327 1065 1391 omnibus
1086 1327 1171 1392 seed
1186 1326 1356 1392 Martinam
1371 1346 1443 1392 con-

315 1430 452 1509 tnlioset,
473 1430 560 1495 broni
579 1432 715 1511 ternpore
734 1430 774 1493 ad
795 1448 951 1494 summurn
971 1428 1042 1494 fidei
1063 1430 1276 1512 uirtutemque
1291 1430 1431 1495 omniurn
1457 1450 1491 1489 ro

288 1533 435 1599 aculonem
448 1533 568 1597 enituit.
584 1534 688 1615 itaque
702 1551 773 1597 curn
786 1533 863 1597 haut
877 1533 966 1616 longe
980 1533 1040 1597 sibi
1055 1533 1092 1597 ab
1105 1533 1238 1615 episcopi
1249 1533 1443 1597 monasterio

314 1636 543 1701 tabernaculum
557 1636 765 1701 constituisset
779 1636 930 1718 multique
950 1636 1031 1717 apud
1051 1654 1122 1700 eum
1138 1634 1251 1717 {batres
1266 1652 1441 1701 commora-

313 1741 432 1818 rentur,
454 1740 573 1804 iuuenis
598 1739 724 1821 quidam
749 1738 788 1803 ad
814 1757 884 1803 eum
905 1738 1067 1803 Anatolius
1087 1738 1225 1816 nomine,
1248 1737 1305 1801 sub
1320 1737 1441 1820 profes·

314 1841 397 1906 sione
409 1841 551 1907 monachi
564 1860 685 1906 omnem
704 1842 914 1906 humilitatem
934 1842 1032 1924 adque
1052 1841 1257 1907 innocentiam
1274 1840 1438 1920 ment'tus,

287 1944 439 2007 amasio
462 1944 674 2027 habitauitque
693 1944 884 2026 aliquamdiu
904 1944 937 2010 in
958 1962 1116 2009 commune
1137 1962 1208 2008 oum
1223 1944 1339 2007 ceteris.
1362 1943 1434 2008 dein
1452 1965 1484 2005 15

313 2045 489 2126 procedente
507 2048 642 2129 tempore
662 2048 786 2131 angelos
810 2046 892 2130 apud
923 2064 955 2111 se
979 2046 1064 2129 loqui
1084 2046 1178 2110 solere
1204 2046 1333 2111 dicebat.
1358 2064 1430 2110 curn

313 2146 522 2215 fidemnullus
535 2150 706 2229 adhiberet,
728 2151 826 2235 signis
852 2149 1035 2233 quibusdem
1059 2150 1218 2231 plerosque
1238 2150 1277 2213 ad
1303 2148 1439 2213 creden-

313 2250 388 2315 dum
402 2252 562 2319 ooartabat.
584 2255 736 2336 postremo
749 2272 785 2319 eo
800 2272 896 2336 usque
910 2253 1071 2335 prooessit,
1087 2254 1122 2316 ut
1137 2253 1216 2316 inter
1231 2270 1262 2315 se
1277 2270 1312 2315 ac
1327 2251 1436 2315 Deum

313 2353 436 2418 nuntios
450 2354 613 2421 discurrere
626 2357 827 2439 praedicaret,
843 2357 965 2439 iamque
979 2374 1011 2419 se
1025 2375 1121 2419 unum
1136 2374 1171 2419 ex
1185 2352 1312 2435 profetis
1326 2354 1437 2418 haberi

285 2456 443 2522 ruolebat.
459 2455 563 2523 Clarus
576 2461 679 2525 tamen
693 2479 884 2541 nequaquam
899 2458 937 2523 ad
952 2458 1136 2522 credendum
1151 2458 1221 2541 cogi
1238 2458 1366 2539 poterat.
1382 2456 1437 2521 ille
1449 2478 1481 2520 ao

311 2560 339 2623 oi
362 2559 441 2623 iram
465 2559 589 2625 Domini
609 2564 641 2624 et
664 2562 834 2642 praesentes
859 2562 983 2645 plagas,
1007 2579 1061 2624 cur
1082 2562 1185 2625 sancto
1208 2578 1269 2625 non
1290 2560 1435 2639 crederet,

283 2660 497 2726 boomminari
519 2664 705 2741 postremum
724 2664 757 2727 in
778 2663 856 2727 hane
875 2682 982 2727 uocem
1002 2663 1136 2744 erupisse
1156 2661 1272 2726 fertur:
1295 2680 1362 2727 ecce
1375 2662 1434 2727 hac

308 2764 396 2827 nocte
406 2763 523 2826 uestem
534 2762 611 2825 milri
622 2764 782 2829 candidam
794 2766 943 2830 Dominus
961 2766 1000 2830 de
1016 2766 1098 2829 caelo
1114 2764 1216 2844 debit,
1232 2784 1292 2847 qua
1307 2765 1435 2829 indutus

309 2866 342 2929 in
356 2864 457 2929 medio
471 2864 608 2927 uestrum
622 2866 808 2932 diuorsabor:
824 2869 916 2951 idque
931 2868 1018 2933 uobis
1030 2870 1154 2953 signum
1171 2869 1244 2947 erit,
1261 2869 1293 2933 in
1311 2886 1361 2932 me
1376 2868 1437 2932 Dei

282 2973 373 3033 tesso
388 2966 550 3042 uirtutem,
566 2966 619 3047 qui
633 2967 689 3031 Dei
703 2972 787 3034 ueste
802 2972 930 3037 donatus
953 2973 1022 3037 sim.
1046 2974 1115 3037 tum
1136 2990 1207 3037 uero
1222 2972 1347 3055 grandis
1363 2989 1438 3034 om-
1450 2994 1479 3035 ιι

308 3071 396 3135 nium
420 3069 561 3134 adhunc
585 3069 799 3150 professionem
824 3076 1000 3156 expectatio.
1026 3076 1133 3157 itaque
1155 3074 1194 3139 ad
1214 3075 1349 3139 mediam
1370 3072 1435 3139 fere

308 3174 428 3238 noctem
452 3171 578 3237 fremitu
599 3173 712 3237 terram
731 3176 945 3243 insultantium
965 3178 1155 3256 commoueri
1177 3195 1265 3242 omne
1280 3194 1330 3241 mo
1385 3176 1437 3241 te·

308 3280 391 3343 rium
404 3277 468 3340 loco
483 3276 586 3340 uisum
600 3276 661 3339 est:
683 3277 824 3343 cellulam
845 3281 961 3359 autern,
985 3300 1045 3363 qua
1065 3282 1147 3345 idem
1161 3281 1344 3345 adulescens
1360 3297 1436 3343 con-

308 3382 476 3457 tinebatur,
499 3378 611 3444 crebris
632 3396 764 3443 cerneres
784 3382 893 3447 micare
912 3383 1096 3462 luminibus,
1118 3383 1322 3465 fremitusque
1337 3383 1370 3446 in
1398 3402 1435 3447 ea

306 3484 544 3551 discurrentium
558 3485 589 3547 ot
604 3501 743 3546 murmur
758 3486 908 3565 quoddam
922 3488 1091 3551 multarum
1105 3504 1215 3550 uocum
1229 3485 1430 3551 audiebatur.
1445 3510 1474 3551 eo

359 3721 378 3777 3
390 3720 507 3775 ciusdem
516 3720 546 3774 F
550 3736 594 3788 pr.
605 3736 638 3772 ot
692 3719 710 3775 6
722 3720 782 3787 quit
793 3719 819 3773 V
866 3720 884 3777 8
896 3724 1002 3790 quidam
1010 3726 1073 3779 ΒΜ
1075 3726 1107 3779 V:
1122 3724 1231 3793 quidam
1239 3724 1344 3777 nomine
1355 3724 1433 3779 Auo

361 3807 396 3863 11
410 3809 457 3861 aut
473 3807 499 3861 V
549 3806 585 3861 12
602 3806 740 3874 aputeum
756 3807 782 3860 V
840 3806 877 3863 13
894 3810 1112 3864 anatholiusAF
1172 3810 1210 3866 14
1227 3810 1298 3863 omni
1311 3810 1376 3863 hum
1384 3809 1433 3862 ili·

308 3890 660 3961 tateatqneinnocentiaF
709 3891 746 3949 15
765 3893 864 3960 quoire
881 3893 934 3947 Vs.
948 3894 965 3947 l.
987 3897 998 3964 {l
1019 3896 1048 3948 in
1059 3913 1107 3951 om.
1124 3896 1151 3951 V
1201 3895 1237 3951 17
1255 3894 1431 3949 fidemdictis

308 3978 436 4033 nullusA
488 3976 525 4032 18
542 3976 680 4029 coartabat
691 3977 793 4030 BMV:
812 3978 999 4032 cohortabatur
1010 3982 1081 4035 AFo
1143 3982 1178 4038 19
1197 3982 1304 4034 nuutios
1318 3981 1378 4034 ΒΜ
1385 3980 1429 4033 V:

308 4065 416 4135 angelos
436 4063 519 4128 AFo3
545 4062 685 4116 lectionem
704 4062 813 4116 nuntios
833 4063 926 4128 firmat
947 4065 1087 4120 Paulinus
1163 4068 1201 4123 21
1224 4066 1260 4135 ei]
1281 4066 1352 4119 enim
1372 4066 1432 4120 FV

357 4150 395 4206 22
412 4152 545 4219 postrema
557 4148 627 4202 Are
646 4148 658 4215 ΙΙ
680 4148 811 4217 inrupisse
828 4150 855 4203 V
904 4150 942 4205 24
960 4150 1124 4205 deuersabor
1137 4153 1193 4207 AF
1210 4154 1222 4221 11
1242 4152 1271 4205 1ιι
1282 4168 1323 4205 me
1336 4151 1379 4205 dai
1393 4152 1432 4205 M

309 4235 403 4290 stood
425 4235 531 4289 Recol:
549 4250 590 4288 me
609 4234 639 4288 in
656 4234 699 4288 dei
719 4233 786 4304 ΡΩ,
805 4234 906 4289 medei
924 4234 993 4291 AVo
1044 4237 1082 4294 27
1100 4240 1199 4291 terram
1222 4237 1260 4291 V:
1285 4252 1332 4291 om.
1351 4237 1428 4291 Aac

361 4321 399 4378 28
416 4321 581 4389 oellulaVll
601 4336 653 4390 qua
664 4320 759 4375 AFV:
779 4321 901 4390 inquac
