3050 4984
571 354 643 423 Cap.
663 355 739 412 7-8.
1179 363 1220 427 89

96 508 159 573 bris
174 500 241 573 eius
257 509 398 590 epulatus
412 511 481 575 est?
503 510 572 593 quis
586 511 693 576 lunam
708 512 834 593 rapuit?
856 514 925 595 quis
948 515 1129 581 abscondit?
1151 518 1250 600 quis8

97 611 239 675 Plutonis
254 612 416 696 coniugem
430 612 525 679 fecit?
548 614 601 680 sed
622 616 653 679 et
679 632 812 680 errorem
832 616 930 680 istum
951 617 1079 702 physica
1098 638 1222 684 rursum

96 714 206 778 uolunt
221 715 337 780 rationo
351 717 525 801 protegere:
548 717 716 783 indiuisam
738 720 927 785 mentemst
950 720 1098 800 diuisam,
1121 721 1222 787 idest

95 810 151 882 τὸν
166 810 338 902 ἀμέριστον
353 817 407 884 καὶ
421 814 479 885 τὸν
491 808 722 907 μέμερισμὲνον
737 823 827 901 νοῦν,
854 822 912 889 hac
938 842 970 890 se
998 826 1108 907 putant
1134 845 1222 909 posse

77 921 212 985 eratione
227 922 374 986 uenerari.
398 922 493 988 dicite
518 924 618 1003 mihi,
643 924 781 989 omiseri
806 925 972 1005 mortales,
996 927 1070 1009 quid
1094 928 1250 993 natura-9

93 1023 177 1088 libus
203 1024 293 1089 rebus
319 1024 433 1091 additis
462 1026 590 1092 lunera?
616 1028 691 1110 quid
717 1028 768 1093 dei
793 1014 1026 1109 dispositionem
1051 1031 1222 1097 crudelium

94 1128 245 1225 mortium
260 1128 420 1194 atrocitate
434 1130 597 1212 polluitis?
620 1132 694 1213 quid
705 1151 781 1214 opus
796 1130 862 1196 6161
875 1135 942 1199 tam
957 1136 1032 1199 duro
1047 1134 1223 1215 crudelique

94 1234 272 1298 tormento?
288 1232 362 1314 quid
377 1232 437 1298 sibi
452 1234 522 1299 uult
537 1235 598 1300 ista
613 1237 784 1318 persuasio,
800 1240 836 1304 ut
850 1239 964 1303 diuinis
978 1239 1069 1303 rebus
1084 1236 1223 1302 funestae

95 1339 283 1404 calamitatis
298 1336 371 1402 ordo
387 1338 539 1403 societur?
554 1340 590 1403 ut
600 1341 710 1405 natura
722 1341 868 1421 siderum,
882 1361 976 1424 quam
986 1342 1070 1405 Deus
1082 1358 1222 1405 summus

66 1466 88 1504 10
96 1442 188 1508 certis
203 1440 325 1525 legibus
340 1442 423 1520 fecit,
445 1442 586 1507 mortalis
601 1443 788 1507 calamitatis
803 1444 938 1510 luctibus
950 1443 1150 1527 iungeretur?
1172 1442 1223 1507 cui

95 1546 138 1610 rei
165 1544 288 1626 prodest
314 1544 395 1625 quod
420 1543 546 1609 facitis?
569 1544 705 1610 miscetis
731 1546 852 1612 terrena
877 1546 1074 1624 caelestibus,
1108 1547 1223 1611 caduca

95 1649 229 1731 superio,
253 1648 411 1712 tenebrosa
424 1647 613 1726 lucentibus,
630 1648 748 1713 dolores
763 1668 799 1714 ac
813 1649 914 1713 luctus
929 1648 1090 1714 hominum
1106 1648 1222 1713 diuinis

94 1751 261 1818 honoribus
277 1750 495 1816 consecrantes.
1169 1825 1172 1833 .

137 1856 172 1921 Si
194 1853 360 1920 conuocato
383 1854 466 1918 omni
492 1872 601 1937 genere
621 1854 754 1919 humano
770 1855 816 1920 sol
830 1855 937 1920 habita
952 1856 1090 1921 contione
1115 1856 1252 1938 loquo-8

67 1961 195 2037 oretur,
221 1957 465 2039 desperationem
479 1959 615 2021 uestram
635 1958 693 2023 hac
719 1958 849 2023 forsitan
874 1959 1011 2024 oratione
1035 1960 1222 2041 percuteret:

94 2055 183 2141 ‘Quis
199 2079 270 2140 uos,
293 2060 401 2126 caduci
415 2060 554 2125 homines
570 2064 601 2126 et
615 2080 669 2144 per
684 2061 748 2127 dies
764 2063 902 2146 singulos
917 2080 1037 2128 summo
1049 2063 1114 2126 Deo
1129 2061 1224 2126 uariis

96 2164 260 2249 generibus
274 2164 471 2242 rebellantes,
495 2164 534 2227 ad
549 2164 605 2229 hoc
620 2165 744 2229 tantum
758 2165 877 2230 facinus
891 2165 1031 2249 impegit,
1048 2165 1084 2228 ut
1099 2163 1224 2246 profano

94 2268 231 2333 nefariae
246 2266 427 2349 cupiditatis
442 2284 541 2331 errore
566 2268 597 2330 61
617 2266 696 2331 111611
716 2286 767 2331 me
782 2266 893 2331 dicatis
908 2266 1035 2332 arbitrio
1051 2268 1082 2331 et
1097 2267 1224 2331 uiuere?

96 2372 189 2454 atque
205 2370 328 2435 utinam
342 2370 459 2435 usitato
474 2388 558 2434 moro
573 2369 625 2435 uel
640 2386 699 2433 uno
724 2387 835 2453 genere
856 2388 1005 2434 uaesanae
1026 2369 1223 2455 cogitationis

65 2476 218 2540 nuestrae
232 2473 380 2558 figmenta
394 2473 607 2555 procederent,
631 2472 752 2537 utinam
768 2472 834 2536 sine
849 2472 1036 2537 contumelia
1050 2473 1112 2537 moi
1127 2472 1224 2536 scelo-

94 2580 183 2642 ratao
199 2576 396 2660 cogitationis
418 2576 538 2640 uestrae
559 2576 751 2660 grassaretur
772 2575 957 2657 inprobitas!
991 2594 1071 2640 nunc
1095 2592 1225 2658 uesper

95 2680 277 2763 praecipitia
291 2680 441 2745 iactantes
456 2679 535 2743 mihi
556 2697 675 2761 quoque
696 2696 756 2744 non
770 2678 897 2760 parcitis
911 2697 967 2743 nec
981 2678 1117 2759 aliquam
1131 2677 1226 2742 habet

96 2786 200 2849 uester
215 2801 314 2848 sermo
329 2782 548 2861 reuerentiam,
573 2783 626 2847 sed
646 2802 717 2847 cum
738 2782 882 2849 dedecore
896 2800 964 2845 meo
979 2782 1012 2845 in
1027 2780 1156 2846 exitium
1170 2798 1225 2843 ue-

95 2890 198 2953 strum
213 2889 405 2968 mortemque
420 2885 598 2969 properatis.
624 2886 628 2968 Ι
647 2885 702 2949 alii
717 2904 767 2949 me
781 2885 856 2966 aput
866 2883 1045 2968 Aegyptum
1057 2882 1147 2947 undis
1157 2882 1225 2947 Nili
1234 2904 1282 2949 aa.
1291 2904 1325 2944 su.

64 2993 127 3056 atet
153 2990 271 3072 rapidis
297 2977 466 3054 uerticibus
493 2989 646 3053 obstinato
673 2987 788 3052 mentis
810 2986 913 3052 furore
928 2987 1147 3070 submergunt,
1171 2985 1254 3054 61112

95 3093 268 3177 amputatis
294 3092 439 3157 uirilibus
463 3092 632 3176 plangumt,
663 3090 718 3155 alii
741 3089 858 3155 crudeli
873 3091 972 3155 morto
987 3108 1109 3154 caesum
1124 3088 1227 3153 autin

94 3198 158 3261 6116
174 3197 348 3278 decoquunt
363 3197 417 3259 aut
431 3196 550 3278 septem
564 3194 689 3259 neribus
704 3193 838 3276 corporis
858 3192 921 3257 mei
941 3192 1081 3256 membra
1094 3191 1227 3255 lacerata

94 3299 263 3383 subfigunt.
288 3299 342 3381 qui
357 3298 520 3381 paululum
540 3298 619 3361 mihi
640 3296 762 3379 placida
784 3294 878 3359 fuerit
902 3294 1037 3359 oratione
1056 3294 1224 3372 blanditus,

94 3402 275 3486 quadriiugi
296 3419 402 3465 currus
427 3401 568 3484 aurigam
590 3419 640 3465 me
656 3417 721 3465 esse
736 3397 892 3482 confingit.
915 3396 1044 3480 proicite
1062 3395 1226 3479 aliquando

63 3529 85 3569 ao
93 3506 179 3570 tanti
193 3504 304 3569 furoris
320 3504 449 3569 exitium
465 3506 496 3568 61
513 3504 642 3569 salutari
657 3502 850 3584 persuasione
866 3500 1009 3564 conuenti
1023 3519 1129 3564 ueram
1141 3499 1227 3563 salu-

93 3610 136 3673 tis
164 3608 251 3673 uiam
275 3608 421 3690 quaerite.
445 3606 589 3671 inimicus
615 3605 674 3670 Dei
698 3605 744 3670 est
766 3604 820 3685 qui
841 3603 916 3668 haec
937 3603 992 3667 aut
1006 3601 1158 3685 cogitauit
1172 3602 1227 3666 aut

93 3711 218 3791 fincxit,
234 3730 290 3776 nec
303 3710 423 3776 facinus
438 3710 504 3775 eius
520 3709 652 3792 simplex
665 3708 720 3773 aut
734 3707 853 3772 usitata
868 3723 965 3788 poena
980 3704 1155 3783 comitatur,
1170 3704 1225 3787 qui

148 3900 303 3967 3diuisaP
343 3896 797 3968 4μΕΝΕΡΙΟμΕΝΟΝΝοΥΡ
838 3892 1076 3959 boozodiiPcf.
1083 3892 1230 3958 p.104,21

105 3991 118 4058 ll
141 3987 236 4041 miseri
248 4003 296 4040 om.
310 4003 329 4039 a
390 3985 428 4042 10
446 3983 586 4039 calamitas
599 3984 651 4046 Pa,
665 3998 712 4035 em.
726 3981 855 4035 Boreion
908 3980 946 4037 15
964 3980 1086 4032 forsano
1139 3976 1175 4031 17
1188 3991 1230 4029 re·

95 4074 448 4128 uellantesadhuctantum
461 4072 489 4125 P
540 4069 575 4126 18
593 4069 682 4121 uestro
695 4066 839 4121 arbitrioa
901 4064 937 4121 19
956 4079 1054 4130 upsane
1067 4064 1100 4127 P,
1113 4077 1229 4115 uesanae

96 4161 159 4215 edd.
215 4161 250 4215 21
270 4157 480 4227 cogitationesP
495 4158 509 4229 ll
523 4156 657 4208 uosmeto
709 4153 747 4211 25
760 4151 908 4205 uerticibus
922 4151 1060 4206 Wowerus
1110 4147 1147 4203 26
1160 4147 1227 4200 uiri-

97 4247 148 4301 bus
162 4249 190 4301 P
212 4250 224 4315 ΙΙ
247 4247 276 4299 iu
289 4247 329 4300 P:
348 4247 409 4298 uta
459 4241 700 4310 brisaquensi>
722 4242 734 4308 ΙΙ
757 4238 902 4293 uerubusu
953 4234 993 4293 30
1009 4234 1126 4289 conuicti
1143 4250 1176 4301 a,·
1195 4238 1226 4287 ut

96 4351 124 4387 a.
138 4333 199 4387 ind.
214 4333 270 4387 III
276 4348 296 4386 6.
310 4350 336 4385 u.
351 4329 490 4385 conuenire
