3050 4984
522 329 634 386 chron.
653 331 674 394 1,
694 331 813 388 aa--aa
1062 286 1066 294 ’
1187 333 1228 399 27

85 486 208 549 cuncta
223 503 299 550 cum
314 486 445 551 externis
467 485 592 551 accidas
606 485 774 568 perniciosa
785 489 842 551 est.
866 505 943 568 quae
956 488 1040 553 Deua
1052 488 1145 572 longo
1160 487 1230 552 anta
1326 560 1329 565 Α

84 587 288 670 prospiciens
304 589 419 654 salubri
433 589 587 654 Hebraeos
601 607 741 671 responso
755 590 954 668 instruxerat,
975 591 1111 656 deuictae
1124 591 1230 674 gentas

86 693 123 754 ut
146 690 360 756 internecioni
374 691 490 756 demut.
513 691 565 756 aed
585 691 671 774 plebs
686 692 797 773 cupida
810 693 988 758 dominandi
1002 693 1151 775 imperare
1164 693 1229 758 vie

86 793 129 856 tis
152 811 233 857 cum
255 793 389 875 pernicie
409 794 551 860 malebat.
573 794 671 879 igitur
692 813 762 860 cum
783 796 889 860 relicto
902 797 967 860 Deo
987 796 1069 860 idola
1088 797 1257 875 oolereuta

67 895 244 960 ⁵destituti
267 896 374 961 diuino
395 896 524 976 auxilio,
553 916 571 962 a
592 915 662 982 rege
683 897 920 980 Mesopotamiae
941 899 1035 964 edicti
1056 900 1088 963 et
1109 899 1228 965 subacti
1321 879 1328 892 ’

88 1018 156 1064 uni
174 999 269 1064 annis
291 999 503 1081 captiuitatem
523 1001 744 1082 pependerunt,
767 1000 861 1066 donec
874 999 1038 1067 Gothouial
1051 1001 1128 1066 duce
1142 1001 1175 1067 iu
1188 1002 1228 1066 li·

88 1102 253 1165 bertatem
267 1102 405 1167 restituti
418 1121 472 1184 per
486 1103 709 1187 quinquaginta
722 1121 816 1168 annos
830 1121 932 1168 rerum
945 1104 1037 1186 potiti
1058 1105 1138 1170 sunt.
1160 1123 1258 1179 rur-4

90 1223 228 1286 sumque
246 1205 381 1287 corrupti
395 1205 503 1290 longae
513 1205 596 1287 pacis
610 1206 692 1270 malo
704 1205 795 1270 idolis
809 1206 987 1272 litauarunt.
1013 1224 1143 1290 moxque
1157 1208 1229 1272 ade-

68 1317 71 1322 ·
90 1309 139 1371 rat
162 1325 266 1388 poena
282 1308 493 1390 peccantibus:
515 1308 553 1372 ab
574 1308 686 1392 Eglom
705 1327 777 1392 rega
790 1308 997 1374 Moabitarum
1016 1309 1132 1374 demoti
1151 1311 1229 1375 duo·

61 1430 84 1468 10
92 1411 255 1495 deuiginti
264 1405 357 1476 bunis
368 1411 552 1488 condonant,
568 1411 661 1476 donec
671 1411 820 1476 instinctu
830 1411 888 1476 Dei
898 1411 968 1476 Acd
978 1430 1082 1496 regem
1092 1412 1229 1476 hostium

93 1513 162 1577 dolo
178 1513 344 1577 interemit
358 1515 570 1596 contractoque
580 1514 783 1578 tumultuario
798 1514 931 1579 exercitu
945 1514 1119 1580 libertatem
1134 1515 1228 1579 armis

92 1616 281 1680 uindicauit.
304 1616 388 1680 idem
401 1635 455 1698 per
468 1635 565 1680 uxxx
585 1633 678 1681 annos
698 1616 731 1681 in
745 1634 818 1699 paee
832 1617 980 1682 Hebraeis
993 1617 1133 1700 praefuit.
1156 1616 1230 1682 huic

12 1795 13 1798 Ἴ
94 1717 239 1803 Semigar
259 1719 419 1783 successit:
448 1719 533 1801 isque
558 1719 703 1784 aduersus
724 1719 905 1803 Allophyloa
925 1737 1101 1804 mugresaus
1122 1737 1228 1784 amun-

12 2111 14 2206 l

93 1823 168 1886 dum
189 1823 307 1886 euentu
328 1822 478 1904 proelium
498 1821 580 1886 fecit.
604 1839 791 1910 rursumque.
805 1823 959 1887 Hebraeos
979 1823 1127 1888 sectantes
1147 1821 1256 1888 idolad

64 1944 143 1989 arax
165 1923 420 1990 Chananaeorum
440 1925 528 1989 Iabin
553 1924 675 1990 nornine
701 1925 882 2009 subiugauit
900 1925 1176 2009 mamaaimamque
1195 1924 1228 1989 iu

93 2046 141 2091 eos
162 2046 221 2108 per
241 2045 293 2090 xx
313 2045 405 2092 anuos
421 2027 658 2093 dominationem
679 2027 829 2105 exercuit,
852 2027 1131 2110 donecpriatiuum
1144 2027 1228 2092 Deb-

93 2130 167 2194 bora
187 2129 307 2194 mulier
327 2130 444 2194 statum
469 2129 612 2194 reddidit.
636 2130 710 2194 adeo
736 2130 816 2195 nibil
836 2131 900 2213 spei
920 2131 954 2195 in
973 2149 1079 2196 eorum
1099 2130 1228 2195 ducibus
1317 2144 1320 2150 ·

94 2235 172 2311 erat,
190 2233 230 2296 ut
245 2231 391 2296 muliebri
406 2233 518 2297 auxilio
534 2232 773 2298 defenderentur.
791 2251 977 2315 quamquam
990 2233 1065 2298 baec
1074 2233 1108 2296 in
1117 2233 1228 2315 typum

95 2335 240 2400 ecclesiae
264 2333 392 2418 [forma]
413 2335 648 2418 praemissam,
679 2336 766 2400 cuius
785 2335 899 2399 auxilio
920 2333 1083 2416 captiuitas
1102 2332 1229 2415 depulsa

96 2441 149 2502 est.
173 2438 235 2502 sub
251 2437 310 2502 hac
324 2437 400 2503 duee
414 2439 465 2502 uel
478 2437 578 2502 iudice
593 2456 639 2502 xa
651 2438 738 2504 annis
748 2437 881 2502 Hebraei
892 2435 1024 2501 fuerunt.
1047 2453 1256 2516 nurumquec

96 2541 132 2605 ob
146 2541 277 2623 peccata
291 2539 470 2606 Madianitis
484 2540 592 2605 traditi
607 2541 682 2605 duro
697 2540 826 2623 imperio
839 2539 1044 2616 habebantur,
1059 2537 1228 2619 afflictique

12 2605 14 2670 7
96 2643 176 2708 malo
199 2643 363 2708 seruitutis
383 2643 525 2708 diffluum
545 2643 694 2708 auxilium
721 2642 970 2725 implorauerunt.
993 2641 1039 2706 ita
1058 2658 1176 2721 semper
1195 2639 1228 2704 in

12 2745 13 2750 ’
97 2746 238 2811 secundis
253 2745 344 2810 rebus
359 2745 552 2810 immemores
567 2745 743 2811 caelestium
764 2744 979 2810 beneficiorum
998 2744 1090 2808 idolis
1110 2742 1227 2825 suppli-

12 3417 36 3680 l

97 2849 223 2926 cabant,
247 2848 281 2912 in
302 2847 437 2912 aduersis
457 2850 530 2912 Deo.
553 2849 633 2914 unde
648 2866 719 2912 cum
733 2849 874 2930 reputare
887 2847 921 2912 iu
939 2847 1042 2912 auimo
1056 2846 1152 2924 soleo,
1172 2861 1255 2927 poi

69 2951 206 3032 sepulum
232 2951 282 3014 tot
306 2950 459 3015 benefieiis
485 2949 544 3015 Dei
569 2950 756 3034 obligatum,
779 2951 827 3014 tot
847 2950 985 3015 cladibus
1005 2968 1077 3014 curn
1092 2949 1229 3032 peccaret

98 3054 281 3131 coercitum,
304 3055 520 3136 expertumque
534 3054 566 3118 et
580 3053 822 3118 misericordiam
835 3054 867 3117 et
887 3052 1083 3117 seueritatem
1096 3051 1155 3116 Dei
1174 3069 1228 3115 ne-

100 3175 253 3238 quaquam
273 3156 484 3234 emendatum,
507 3156 538 3220 et
563 3173 634 3220 cum
661 3175 780 3238 semper
799 3155 921 3220 aemam
941 3154 1050 3218 erroris
1069 3153 1228 3236 acciperet,

101 3277 217 3341 semper
231 3275 371 3340 peccasse
385 3259 605 3340 poatueuiam,
621 3259 700 3324 nihil
714 3259 830 3324 mirum
843 3255 943 3322 uideri
956 3256 1057 3339 potest
1071 3255 1228 3322 Christum

200 3444 220 3500 4
239 3443 299 3497 Jud.
319 3444 345 3502 3.
384 3445 421 3501 14
438 3445 498 3500 Jud.
518 3445 538 3505 4
556 3461 593 3514 aq.
630 3445 670 3502 20
687 3446 746 3500 Jud.
767 3447 793 3505 5.

151 3614 336 3685 lpernitiosa
358 3615 398 3682 P,
421 3615 485 3668 item
500 3631 527 3667 o.
547 3614 695 3683 ipemitie
726 3615 738 3681 11
769 3613 848 3683 longo
866 3615 905 3668 P:
931 3614 1044 3682 longob
1108 3613 1226 3670 3intar-

101 3701 240 3754 ustioniP
285 3699 408 3758 emula
418 3700 624 3768 Mesopotamiae
636 3699 704 3754 uicti
755 3699 843 3755 tvm
859 3699 983 3754 Veratius
1000 3700 1047 3767 (cf.
1059 3699 1125 3753 Jud.
1139 3701 1165 3766 3,
1178 3699 1224 3765 8):

101 3801 142 3840 vu
154 3787 197 3840 Po
213 3789 226 3855 Η
243 3785 370 3840 libertate
382 3782 409 3840 P
461 3785 478 3840 7
497 3785 676 3854 quadraginta
687 3784 820 3840 chtcam
829 3788 856 3851 3,
869 3788 910 3853 11,
928 3786 963 3852 cf.
977 3784 1011 3838 dc
1020 3786 1108 3839 Proto
1119 3783 1158 3837 ad
1169 3784 1193 3836 b.
1207 3783 1223 3836 1.

149 3871 167 3929 9
184 3872 282 3941 aglom
293 3872 427 3926 Veratius:
440 3872 501 3940 aglo
511 3871 539 3924 P
548 3871 593 3940 (ab
605 3871 672 3940 Egla
684 3870 755 3924 enim
767 3886 829 3938 rege
840 3871 867 3939 b)
920 3868 959 3927 10
969 3869 1087 3924 intinctu
1097 3869 1125 3922 P
1139 3868 1152 3935 ΙΙ
1167 3866 1225 3921 Aod

102 3957 226 4011 Druaius:
249 3955 325 4010 Adon
349 3957 391 4010 Pb
456 3957 491 4012 11
512 3956 639 4010 exercitui
662 3958 689 4011 P
742 3955 779 4012 13
797 3954 924 4024 Samegar
946 3955 1038 4008 LXX
1059 3960 1084 4008 et
1105 3953 1223 4021 abaco

107 4043 209 4112 Qawaet
224 4045 261 4097 25
272 4043 306 4096 ic
317 4043 361 4096 ab
375 4041 441 4096 Jud.
465 4044 477 4110 11
500 4043 575 4110 isque
588 4044 615 4097 P
625 4042 705 4110 (corr.
718 4046 734 4095 1
746 4059 779 4095 m.
793 4057 827 4094 ex
838 4041 939 4110 ioque):
952 4041 1047 4106 Meque
1058 4040 1074 4092 b
1096 4040 1108 4105 ΙΙ
1131 4037 1223 4092 adner-

104 4145 155 4182 sum
167 4129 195 4182 P
210 4143 279 4183 corr.
304 4129 316 4195 ΙΙ
339 4127 453 4181 allofilos
465 4129 493 4182 P
516 4129 527 4196 ΙΙ
551 4127 662 4182 secundo
684 4130 781 4182 euentu
797 4127 921 4182 Mucius
989 4123 1025 4180 19
1043 4123 1127 4178 forma
1143 4123 1170 4178 J.
1194 4124 1221 4180 0.

103 4215 300 4282 Hofmeraterua
318 4215 362 4282 (tn
379 4213 418 4268 ed.
442 4215 541 4282 thora'
557 4215 641 4281 1708)
660 4214 789 4283 qtoaaemo
812 4227 867 4267 esee
889 4211 962 4266 uidit
983 4211 996 4277 11
1019 4211 1061 4262 eat
1078 4208 1223 4278 depulsat

152 4299 188 4356 23
205 4299 360 4354 coelestium
372 4300 387 4352 b
439 4299 477 4357 25
495 4299 550 4352 Deo
562 4299 677 4352 molabod
688 4298 722 4352 de
733 4299 822 4353 Prato
