3050 4984
1176 359 1230 414 VII

100 516 247 612 ruspari
264 515 481 614 relipiosum,
499 528 690 616 propterea
705 542 903 617 propagare
917 515 1112 607 noluimus,
1131 517 1230 614 quod

104 637 168 709 hoc
194 635 349 709 uerbum
365 636 567 711 obsoletum
591 637 687 711 idem
710 637 810 735 quod
833 637 1051 736 praecedens
1078 634 1233 709 scotori

100 755 126 828 si
131 755 289 851 gnificat.
306 758 421 855 magis
435 756 616 831 arridebat
630 757 836 831 coniectura
848 754 1037 830 aCbrAd.
1050 754 1229 829 Klotzio

101 876 284 974 proposita
308 889 371 951 aut
394 877 635 975 disputare
656 875 882 975 ruptorum,
912 874 943 949 si
967 875 1075 960 ullam
1097 873 1229 973 proba-

101 996 275 1069 bilitatem
298 1022 344 1069 ex
368 997 541 1071 ductuum
578 995 815 1069 similitudine
848 994 1016 1069 haberet:
1052 995 1116 1069 sed
1151 1021 1229 1069 rem

29 1130 30 1155 ¹
100 1141 177 1205 acu,
203 1118 242 1188 ni
264 1116 437 1207 fallimur,
461 1115 582 1214 tetigit
604 1115 899 1207 Dombartus‚
929 1115 1050 1213 quiin
1075 1115 1135 1188 illo
1158 1127 1229 1189 stu·

96 1236 200 1331 ptari
222 1235 314 1309 nihil
335 1235 432 1310 aliud
455 1262 563 1335 quam
595 1237 775 1333 suspicari
804 1236 914 1310 latere
944 1212 1119 1333 sagaciter
1148 1260 1230 1334 per-

100 1354 233 1453 spexit.
263 1356 314 1429 sic
342 1355 527 1455 aptissime
556 1366 630 1429 tres
652 1356 787 1453 gradus
810 1355 1029 1454 cognitionis
1052 1356 1229 1429 humanae

27 1487 29 1645 p
101 1502 160 1574 per
183 1477 397 1549 descensum
421 1502 441 1547 a
463 1475 599 1551 maiore
618 1477 661 1548 ad
681 1476 802 1550 minus
821 1486 1091 1575 proponuntur:
1115 1473 1229 1550 scien-

27 1664 28 1673 ἢ
100 1597 164 1687 tia,
189 1595 383 1686 scrutate,
408 1596 623 1669 coniectura.
1033 1571 1042 1589 .

26 1810 27 1827 χ
146 1716 187 1789 In
223 1715 384 1789 eiusdem
412 1714 539 1815 capitis
576 1718 641 1811 §7
668 1716 778 1814 (ps,
806 1717 844 1811 1)
881 1716 968 1790 baec
1004 1727 1058 1790 est
1094 1715 1229 1790 codicis

100 1836 296 1935 scriptura:
336 1836 456 1909 sidero
487 1834 566 1909 licet
593 1835 689 1932 ipses
721 1836 916 1909 accenderit
938 1848 969 1909 et
991 1835 1126 1914 caelum
1154 1835 1233 1909 licet

26 1928 28 2067 l
100 1982 163 2028 soa
184 1956 337 2027 materia
365 1955 603 2051 suspenderit,
636 1954 715 2029 licet
745 1968 872 2029 terram
895 1956 1116 2054 fundauerat
1140 1978 1230 2051 pon-

26 2082 27 2115 l
101 2076 227 2166 dcre..,
251 2075 345 2149 unde
380 2076 466 2149 baec
500 2073 646 2173 relipio,
683 2076 779 2149 crode
805 2074 996 2172 jurnaide?
1023 2075 1060 2148 in
1093 2074 1150 2148 his
1185 2075 1230 2147 ad

102 2195 210 2269 uerba
235 2194 313 2269 licet
334 2207 354 2267 t.
378 2193 599 2292 scndauerd
622 2195 780 2290 pondere
805 2195 962 2268 sananda
985 2194 1083 2268 uaria
1108 2180 1135 2267 ⁶a
1163 2194 1231 2268 cri-

101 2316 175 2389 ticis
200 2326 339 2389 tentata
362 2326 464 2407 sunt,
498 2315 560 2390 sed
584 2312 674 2387 nihil
696 2314 896 2414 prolatum,
938 2315 1035 2412 quod
1059 2340 1227 2413 magnam

101 2436 247 2511 heberet
260 2435 560 2535 probabilitatem.
579 2437 693 2511 Fran
704 2436 743 2510 ci
754 2460 857 2509 scus
879 2434 1097 2510 Oehlerus
1111 2434 1230 2508 locum

101 2556 282 2655 integrum
325 2556 493 2655 putabat,
547 2583 592 2631 ex
628 2556 863 2630 antecedente
898 2554 976 2632 colo
1012 2553 1123 2628 uerba
1159 2579 1229 2628 suo

101 2678 248 2751 oratoria
271 2676 491 2775 cogitatione
512 2677 706 2776 repetenda
736 2702 815 2749 esse
847 2684 1019 2749 statuens.
1061 2685 1098 2747 at
1131 2685 1231 2747 recte

102 2809 224 2870 monet
246 2795 515 2887 Vahlenius‚
554 2795 769 2871 uocabulum
805 2796 955 2869 materia
997 2794 1144 2893 quidem
1181 2820 1229 2868 ex

101 2916 212 2990 altero
236 2917 422 2990 enuntiato
446 2918 491 2989 ad
514 2917 665 2991 alterum
688 2916 792 2991 facile
814 2915 973 3015 suppleri
995 2940 1124 3014 posse,
1154 2941 1229 2988 non

101 3035 184 3109 item
217 3064 286 3111 sua
320 3036 487 3128 materia,
527 3038 624 3135 quod
655 3037 692 3110 in
720 3036 834 3109 altero
858 3035 1021 3109 membro
1045 3035 1130 3109 caeli
1155 3061 1231 3108 ma-

102 3158 207 3247 teria,
243 3158 280 3229 in
305 3157 417 3230 altero
440 3168 558 3230 terrae
586 3156 827 3254 intellegenda
856 3156 913 3230 sit.
954 3181 1045 3254 quae
1066 3181 1124 3229 res
1148 3180 1230 3229 curn

103 3274 148 3348 ita
170 3303 210 3351 se
233 3276 381 3368 habeat,
406 3302 448 3351 eo
471 3289 617 3350 auctore
641 3275 719 3350 licet
741 3289 868 3349 terram
890 3301 960 3349 sca
978 3278 1043 3372 (sc.
1063 3275 1229 3371 materia)

95 3396 311 3489 fundaverit
324 3398 481 3493 pondere
498 3396 720 3496 scripsimus.
743 3396 845 3469 Idem
866 3395 1080 3469 uocabulum
1099 3421 1146 3468 ex
1165 3422 1229 3493 op-

104 3516 191 3589 tima
208 3516 413 3615 Rigaltii
437 3516 687 3591 emendatione
708 3515 938 3590 restituimus
967 3494 1004 3588 iri
1028 3515 1084 3589 bis
1109 3513 1231 3588 uerbis

104 3660 174 3736 eap.
201 3640 262 3727 28,
287 3642 329 3710 7:
370 3638 443 3713 nisi
477 3638 572 3737 quod
601 3661 665 3711 uos
707 3649 738 3710 et
768 3648 854 3710 totos
881 3636 999 3711 ambos
1022 3635 1060 3709 in
1081 3633 1232 3708 stabulis

104 3773 321 3843 comlcestra
343 3760 403 3835 uel
422 3787 501 3835 sua
525 3759 655 3857 Epona
677 3758 895 3834 amoenans.
936 3783 1017 3831 cunr
1048 3757 1086 3828 in
1109 3754 1231 3829 codice

104 3878 277 3978 seriptum
307 3879 355 3954 sit
386 3905 462 3954 curn
492 3892 610 3954 uestra
640 3877 700 3952 uel
721 3877 871 3975 Epona,
906 3877 1009 3950 facile
1044 3874 1229 3974 negotium

106 4011 181 4072 erat
202 4003 259 4075 ccl
280 4001 416 4089 delere,
449 3999 513 4073 sed
536 3998 683 4072 difficile
706 3997 912 4087 intellectu,
941 3996 1003 4094 qui
1032 3995 1101 4069 tale
1125 4020 1231 4069 uoca-

107 4114 226 4193 bulum
250 4100 348 4193 nulla
370 4146 476 4194 eausa
513 4130 666 4216 cogente
702 4116 786 4190 addi
817 4117 986 4217 potuerit.
1028 4141 1100 4190 nec.
1115 4115 1231 4214 placet

106 4252 346 4314 commentum
371 4267 390 4312 a
413 4239 649 4313 Boissonadio
684 4238 721 4310 in
753 4237 928 4311 Anecdot.
954 4234 1078 4310 Graec.
1102 4235 1173 4310 uol.
1197 4234 1231 4309 V
