3050 4984
44 274 46 415 t
1130 376 1173 427 χι

76 550 115 597 sus
143 526 340 599 necessaria
376 526 576 605 uidebatur.
626 530 793 605 similiter
838 528 908 629 ipsi
957 529 1170 630 scripsimus

75 670 91 716 r.
109 648 156 733 31,
178 648 215 717 82
255 642 322 721 si'c
347 671 421 722 nos
444 650 592 750 denique
620 674 691 724 non
718 648 881 723 notaculo
905 650 1092 746 eorporis..
1117 650 1170 724 di·

74 763 224 856 noscimus,
246 767 312 841 sic
336 767 455 868 [nos]
473 782 594 845 mutuo
614 794 732 844 ornere
756 768 991 868 diluimus„
1013 769 1076 843 sic
1096 793 1172 843 nos

68 886 169 980 [ratres
189 909 372 961 nocemus.
396 890 519 963 eadem
543 904 598 963 est
620 916 727 964 causa
748 890 818 963 loci
842 915 871 962 c.
890 891 952 980 40,
973 892 994 961 2
1015 890 1170 987 itaque..

73 1018 92 1075 et
107 1005 145 1076 de
166 1007 399 1101 prouidentia
417 1010 540 1106 fateor
564 1022 595 1083 et
616 1009 710 1110 [de]
734 1008 814 1083 Deo
836 1009 918 1083 cedo
941 1022 973 1081 et
995 1010 1037 1082 de
1057 1021 1171 1084 sectae

73 1123 121 1195 ion
139 1138 274 1200 nostrae
296 1129 498 1203 sinceritate
521 1131 710 1217 consentio,
748 1156 857 1228 quem
887 1129 1079 1203 Vrsinus
1107 1130 1170 1202 ad·

72 1244 125 1315 dito
144 1247 183 1318 de
204 1249 369 1321 secundo
388 1249 468 1323 loco
491 1250 628 1350 optime
652 1250 858 1325 emendauit
880 1252 946 1324 hac
968 1251 1167 1324 sententia:

73 1366 142 1458 qnod
174 1366 293 1440 Deum
331 1369 513 1468 (unicum)
549 1371 677 1445 attinet
700 1374 809 1461 cedo,
845 1371 868 1443 i.
892 1397 921 1444 e.
947 1396 1067 1444 ueram
1090 1396 1169 1445 esse

73 1496 197 1559 nestram
213 1491 434 1563 sententiam
449 1516 489 1565 ac
504 1490 717 1591 religionem
734 1493 928 1589 adgnosco.
946 1516 974 1564 c.
992 1494 1052 1581 24,
1071 1495 1091 1563 2
1110 1515 1169 1564 co-

73 1604 121 1675 dex
135 1633 253 1683 manoe
270 1609 324 1683 sie
339 1609 464 1685 habet:
480 1637 630 1710 quorum
642 1612 732 1686 ritus
745 1613 779 1685 si
788 1636 1003 1708 percenseas,
1018 1611 1170 1685 ridenda

74 1747 151 1818 quern
170 1727 284 1803 multo
308 1730 413 1803 etiarn
435 1732 640 1806 miseranda
667 1746 759 1806 sunt.
799 1733 860 1806 hic
893 1731 1003 1829 uulgo
1023 1757 1070 1805 ex
1090 1729 1167 1805 Ge·

73 1842 151 1917 lonii
171 1850 425 1925 emendatione
442 1852 592 1951 legitur:
615 1853 768 1927 ridendo
786 1852 1035 1951 quammulta,
1057 1852 1173 1926 multa

74 1966 148 2037 etiarn
168 1970 375 2044 miserando
396 1984 501 2060 sunt;
539 1972 645 2046 nobis
669 1983 790 2045 tamen
812 1973 944 2046 fortius
967 1973 1090 2045 uisum
1115 1981 1170 2045 est

74 2083 162 2179 ipsum
195 2088 287 2161 illud
311 2114 420 2189 quom
453 2091 564 2166 inuito
600 2117 681 2166 cum
706 2091 967 2166 Heumanno
996 2103 1171 2190 repetere.

73 2201 131 2303 Cap.
154 2213 256 2300 11,7
290 2210 506 2309 scripturam
540 2212 675 2286 codicis
711 2239 784 2285 non
821 2212 1000 2311 integram
1035 2210 1173 2285 ‘uellem

74 2334 160 2397 tenen
180 2329 375 2415 sciscitari,
400 2344 563 2405 utrumne
585 2358 665 2406 curn
688 2333 894 2429 corporibus
916 2344 948 2405 et
969 2330 1173 2430 corporibus

72 2444 184 2539 quibus,
211 2450 344 2546 ipsisne
368 2478 415 2523 un
438 2454 618 2525 innouutis
640 2445 858 2550 resurputur'
882 2451 1095 2525 Dauisius
1119 2449 1172 2524 sic

72 2568 224 2665 suppleuit
247 2588 288 2644 ut
311 2572 499 2647 scriberet:
536 2585 701 2646 utrumne
734 2574 825 2646 sine
856 2596 999 2669 corpore
1021 2598 1069 2644 on
1092 2596 1171 2645 eum

73 2690 248 2782 corporibus
266 2703 334 2767 eto.
358 2692 463 2767 nobis
486 2705 606 2767 tamen
629 2708 811 2792 praestare
834 2693 954 2766 uisum
977 2705 1032 2765 cst
1049 2691 1170 2765 locum

72 2802 105 2876 ita
118 2812 372 2912 redintegrare:
391 2827 552 2888 utrumne
570 2839 648 2888 eum
667 2815 871 2911 corporibus
894 2839 947 2903 on
969 2814 1065 2887 sine
1087 2836 1173 2885 eor·

70 2932 241 3024 poribus,
266 2946 297 3008 et
319 2935 522 3032 corporibus
545 2936 689 3033 quibus,
717 2934 801 3033 quia
823 2935 876 3007 sic
899 2934 1046 3008 lacunae
1069 2934 1173 3031 origo

74 3044 183 3126 facilius
205 3054 437 3154 intellegitur.
473 3081 541 3130 nec
571 3038 714 3154 integer
736 3066 808 3143 est,
835 3055 968 3129 utiam
991 3054 1050 3127 alii
1076 3054 1174 3127 uide-

72 3182 157 3264 runt,
190 3175 290 3251 locus
314 3177 378 3273 qui
400 3176 507 3275 paulo
543 3189 626 3275 post
662 3178 702 3272 (ξ
723 3177 763 3273 8)
798 3174 931 3273 legitur
965 3168 1058 3273 ‘quis
1079 3198 1174 3248 unios

73 3288 145 3365 nlius
165 3296 207 3367 ob
227 3296 352 3392 inseris
370 3295 430 3370 net
449 3294 638 3369 Protesilai
654 3308 744 3369 sorte
760 3295 947 3382 remeauit,
973 3294 1174 3367 iturarum

73 3410 167 3484 suren
183 3417 356 3512 permisso
380 3404 594 3507 commeatu,
618 3416 703 3514 quia
721 3415 889 3489 horarum
908 3440 972 3514 per
996 3440 1034 3488 se
1052 3414 1171 3513 ipsum

74 3523 99 3596 id
117 3531 308 3630 significare
330 3562 402 3609 non
426 3545 567 3635 potest,
604 3536 702 3634 quod
725 3534 904 3609 sententia
926 3534 1079 3634 requirit
1100 3526 1172 3607 ‘iro-

75 3669 170 3725 tatum
191 3656 329 3756 aliquot
357 3654 572 3731 commeatu.
599 3655 722 3731 Verba
749 3681 840 3754 quae
868 3657 985 3728 codex
1009 3681 1038 3730 c.
1065 3658 1123 3745 18,
1148 3657 1171 3727 8
1264 3686 1267 3691 ·

75 3761 158 3843 habet
177 3767 243 3850 ‘tte
278 3776 396 3878 (deus)
421 3802 492 3850 non
527 3776 646 3851 uideri
672 3787 806 3874 potest,
843 3777 926 3851 uisu
953 3774 1091 3857 ,clarior
1113 3785 1172 3864 est,

76 3907 121 3960 nee
138 3897 322 3992 oonprendi
338 3909 453 3993 potest
473 3922 536 3971 nee
561 3896 760 3981 aestimari,
788 3897 948 3969 sensibus
970 3895 1086 3969 maior
1113 3881 1175 3968 est'

76 4026 108 4077 tx
127 4009 287 4113 Cypriani
321 4016 414 4090 libro
453 4017 498 4090 da
533 4016 716 4089 idolorum
740 4016 898 4089 uanitate
921 4040 951 4090 c.
978 4020 1011 4106 5,
1037 4020 1072 4106 5,
1109 4013 1173 4112 qui

76 4118 194 4207 Minucii
228 4137 350 4211 locum
385 4130 430 4208 ad
468 4136 618 4210 uerbum
650 4135 844 4235 exscripsit
876 4135 950 4231 (irie
971 4160 1033 4208 nec
1055 4133 1174 4208 uideri

74 4259 173 4362 potest,
194 4258 276 4333 uisu
299 4258 429 4333 clarior
452 4271 510 4348 est,
538 4282 601 4332 nee
622 4256 875 4355 comprehendi,
918 4267 1011 4329 tectu
1041 4254 1173 4351 purior
