3050 4984
783 377 962 447 Appendix.

665 1114 747 1196 llll.
776 1114 864 1197 llic
891 1112 1072 1217 epistula.

768 1324 971 1335 -ψ

350 1523 376 1579 1.
401 1477 512 1580 Sacrae
528 1520 675 1594 religionis
689 1520 763 1580 lidus
779 1522 918 1594 interpres
933 1520 1068 1580 uniuersa
1082 1522 1230 1595 conponit,
1259 1523 1293 1580 ut
1312 1519 1433 1593 peccatis

304 1623 428 1683 ulterius
442 1625 521 1683 locus
536 1641 598 1683 esse
612 1641 669 1682 non
683 1625 789 1698 possit:
806 1642 871 1683 nam
884 1624 952 1697 quid
965 1623 1043 1682 aliud
1058 1626 1141 1683 tanta
1155 1642 1266 1683 morum
1282 1622 1433 1683 sanctitate

303 1726 464 1800 promittis,
480 1726 537 1785 nisi
552 1728 585 1784 ιιι
600 1726 691 1784 uitam
706 1727 819 1785 beatam
835 1727 974 1786 submotis
989 1727 1131 1786 erroribus
1146 1724 1312 1801 agitemus?
1334 1726 1365 1784 in
1380 1742 1432 1798 que

302 1828 417 1887 laudem
443 1829 595 1887 maximam
621 1829 680 1887 tuis
705 1830 787 1888 uideo
814 1830 964 1889 conuenire
992 1830 1167 1903 uirtutibus,
1190 1832 1267 1904 quod
1282 1830 1464 1903 inperitans

304 1933 427 1990 mentem
442 1931 498 2005 piis
512 1932 722 1991 hortationibus
737 1932 889 1991 immutaris
904 1935 933 1992 et
948 1934 983 1991 ad
999 1932 1135 2007 optimam
1147 1934 1270 1992 traxeris
1285 1933 1431 1991 rationem.

303 2035 427 2092 ceterum
442 2034 556 2092 nonita
570 2034 700 2094 mirabile
715 2035 869 2107 uideretur,
886 2036 911 2093 si
922 2036 1048 2095 eruditos
1059 2036 1168 2096 animos
1183 2037 1281 2101 infusa
1294 2035 1433 2109 sapientia

302 2136 512 2196 confirmasses:
536 2139 580 2197 est
605 2138 680 2196 enim
701 2138 890 2211 prudentibus
905 2138 977 2197 uiris
992 2155 1055 2197 cum
1071 2139 1220 2199 deuotione
1236 2139 1368 2214 cognatio
1382 2155 1432 2196 nec

302 2241 347 2298 est
362 2239 418 2298 cite
433 2240 602 2299 conueniens
617 2241 782 2300 credulitati
798 2242 954 2301 rusticitas.
978 2242 1019 2301 sic
1034 2242 1090 2314 illi,
1114 2243 1164 2316 qui
1179 2242 1288 2317 figuras
1304 2242 1430 2301 animan-

301 2341 375 2400 tium
391 2343 425 2400 de
440 2342 584 2415 lapidibus
599 2345 721 2416 ducunt,
746 2343 918 2403 difficilioris
932 2344 1025 2418 operis
1039 2345 1186 2419 negotium
1201 2349 1322 2421 gerunt,
1339 2344 1363 2403 si
1378 2346 1429 2402 du·
1440 2362 1462 2401 ro

300 2444 415 2504 rissima
441 2462 509 2504 saxa
533 2446 713 2505 ferramentis
734 2447 893 2520 incutiunt,
917 2446 962 2505 illi
977 2465 1053 2519 uero,
1076 2449 1126 2522 qui
1142 2448 1282 2508 mollioris
1297 2446 1429 2507 materiae

300 2550 478 2607 tentamenta
489 2549 679 2623 susceperint,
695 2568 797 2608 manus
812 2568 878 2609 suas
893 2550 986 2608 iuuari
1002 2551 1130 2609 sentiunt
1140 2550 1283 2612 facilitate
1296 2549 1427 2625 fingendi,

300 2653 576 2726 consentaneumque
591 2654 726 2725 putatur,
749 2655 783 2710 ut
811 2654 916 2711 arduus
941 2654 1021 2711 labor
1043 2653 1152 2727 opificis
1176 2655 1283 2714 honore
1310 2652 1427 2712 maximo

300 2756 465 2812 censeatur:
501 2754 544 2812 ita
568 2754 637 2826 tibi,
661 2755 788 2827 domiue,
812 2756 984 2829 praedicatio
1011 2756 1167 2830 singularis
1192 2761 1237 2817 est
1263 2757 1426 2825 exhibenda,

302 2857 376 2928 quod
391 2856 527 2930 inpolitus
542 2859 724 2931 agrestesque
740 2875 841 2917 sensus
856 2859 956 2932 culpae
972 2858 1093 2933 caligine
1109 2860 1245 2919 liberatos
1261 2863 1290 2920 et
1305 2861 1427 2919 humana
1437 2874 1458 2913 ιι

300 2958 407 3017 sentire
422 2959 523 3018 feceris
538 2962 567 3019 et
582 2960 682 3019 diuina
696 2978 870 3035 cognoscere.

344 3064 372 3120 2.
395 3063 460 3121 Non
482 3062 576 3121 minus
597 3063 647 3122 ille
667 3064 838 3124 Xenocrates
858 3064 888 3122 in
910 3064 995 3123 laude
1010 3060 1073 3136 ¹Iest,
1096 3064 1330 3138 philosophorum
1345 3064 1427 3135 longe

300 3165 497 3239 doctissimus,
520 3166 571 3241 qui
592 3167 699 3225 seueris
720 3167 964 3226 exhortationibus
984 3166 1053 3226 fecit
1072 3170 1106 3225 ut
1126 3167 1241 3226 luxuria
1255 3168 1424 3226 uinceretur.

300 3284 366 3326 nam
381 3285 444 3326 cum
459 3269 573 3329 Polemo
589 3270 704 3343 quidam
725 3270 793 3328 uino
816 3270 969 3344 languidus
990 3286 1023 3329 ex
1044 3270 1212 3329 antelucano
1228 3270 1359 3329 conuiuio
1374 3284 1425 3341 pu·

300 3370 373 3428 blice
387 3374 541 3444 uagaretur
555 3372 684 3446 illudque
699 3373 835 3446 temporis
850 3375 938 3445 esset,
955 3390 1009 3447 quo
1025 3374 1061 3431 ad
1072 3372 1251 3448 gymnasium
1262 3368 1425 3431 Xenocratis
1435 3386 1457 3425 ro

299 3474 472 3533 confluerent
493 3475 653 3548 auditores,
676 3476 822 3550 ingressus
837 3478 866 3535 et
880 3476 941 3549 ipse
957 3478 1001 3535 est
1015 3478 1044 3534 et
1059 3477 1089 3534 in
1104 3492 1220 3534 numero
1236 3476 1425 3534 studiosorum

299 3594 330 3637 eo
353 3576 470 3649 habitu,
494 3595 548 3651 quo
575 3580 609 3637 de
635 3596 704 3638 cena
730 3580 887 3652 prodierat,
911 3578 1083 3652 inpudenter
1102 3578 1229 3650 adsedit;
1259 3596 1326 3637 nam
1342 3574 1425 3648 caput

298 3680 360 3739 eius
385 3681 487 3739 florens
516 3698 618 3739 corona
643 3685 819 3741 contexerat:
843 3699 933 3756 neque
955 3683 999 3740 est
1019 3682 1129 3740 ueritus
1144 3698 1174 3739 se
1189 3680 1320 3740 omnibus
1334 3674 1424 3737 uideri

298 3783 482 3855 dissimilem,
506 3783 574 3857 quia
588 3800 619 3843 re
634 3802 702 3843 uera
718 3787 818 3859 caput,
843 3785 917 3859 quod
938 3785 982 3843 est
1000 3784 1174 3843 domicilium
1190 3782 1340 3855 sanitatis,
1357 3794 1424 3838 usus

352 4000 719 4070 lIncipitepistulae...P
771 4001 903 4058 isacrae
916 4001 958 4055 P:
978 4000 1091 4055 Sanctae
1104 4000 1164 4055 cdd.
1218 3992 1424 4069 4agitimusP

349 4086 368 4144 5
386 4085 463 4141 uides
472 4087 517 4141 uel
526 4086 647 4140 uidemus
659 4087 694 4140 dc
702 4087 791 4141 Proto
838 4086 856 4143 9
869 4086 1023 4141 crudelitati
1033 4088 1061 4142 P
1071 4088 1084 4155 ΙΙ
1095 4088 1159 4154 fort.
1175 4085 1199 4139 si
1211 4086 1255 4139 illi
1309 4082 1345 4139 12
1357 4083 1422 4133 tcm-

297 4174 419 4226 tamenta
431 4173 458 4227 P
480 4175 492 4241 ΙΙ
514 4172 633 4242 fingendi
645 4173 672 4226 P
683 4178 709 4227 et
725 4172 863 4227 aarum:
884 4172 1013 4241 pingendi
1034 4172 1074 4227 cd.
1096 4173 1234 4241 d‘Acbery
1296 4168 1332 4225 17
1350 4180 1422 4219 seno-

299 4260 384 4311 crates
397 4258 425 4312 P
448 4260 461 4327 11
482 4259 674 4328 philosolorum
694 4258 722 4312 P
784 4258 825 4315 20
841 4258 957 4327 illutque
974 4259 1002 4313 P
1020 4260 1033 4328 {l
1053 4258 1122 4328 quod
1134 4258 1168 4313 ad
1179 4255 1338 4327 gypnasinm
1351 4265 1422 4305 senc·

297 4343 421 4396 cratesP
463 4343 732 4413 22quoddePlli2
745 4344 820 4400 aaa
833 4344 957 4414 capudP
1000 4345 1039 4401 24
1051 4345 1167 4414 quiaP:
1180 4345 1227 4413 qui
1237 4344 1277 4398 cd.
1289 4338 1422 4403 c'Acaeru
