3050 4984
292 351 334 416 30
706 349 852 419 Sulpicii
875 348 989 404 Seueri

292 505 419 569 domum
447 505 573 582 rediret,
602 504 666 570 filia
686 505 714 570 ei
736 505 861 570 obuiam
875 505 927 583 ht,
949 522 1025 587 quae
1038 505 1158 585 patrem
1170 502 1332 583 exceptura
1345 500 1420 566 uic·
1495 529 1517 568 ·-

291 609 389 672 torem
404 625 475 672 oum
494 608 648 691 tympanis
667 609 699 672 et
718 608 817 673 choris
837 608 917 673 laeta
936 607 1128 690 processerat.
1151 606 1221 670 tum
1235 606 1322 687 Iepta
1340 623 1419 668 con-
1501 631 1506 638 ·

292 711 458 787 domatus,
481 711 582 776 dolore
602 711 761 776 conscissis
774 711 928 788 uestibus,
950 709 1066 776 indicat
1090 708 1173 774 tiliae
1191 707 1258 772 uoti
1282 707 1420 772 necessi·
1455 701 1460 704 ’
1501 737 1516 778 ;

291 814 398 878 tatem
421 814 453 878 at
472 813 528 878 illa
548 830 608 878 non
628 814 759 879 feminea
779 813 964 891 constantia,
986 812 1066 878 mori
1083 830 1145 878 non
1158 829 1314 889 recusans,
1336 811 1419 876 duos

291 917 413 981 tantum
426 917 531 981 tamen
544 935 662 982 menses
676 917 758 982 uitae
773 916 908 998 spatium
920 915 1014 997 petit,
1035 915 1072 978 ut
1085 913 1224 995 aequales
1238 930 1308 978 suas
1328 913 1418 995 prius
1451 925 1467 964 ⁵
1507 946 1520 971 ·.

292 1017 418 1082 uideret.
442 1018 553 1100 quihus
573 1020 649 1084 actis
665 1019 746 1084 ultro
767 1020 806 1084 ad
825 1020 946 1101 patrem
965 1018 1058 1083 rediit
1071 1018 1239 1100 uotumque
1259 1017 1323 1080 Deo
1342 1016 1417 1080 red-
1497 1051 1520 1092 :·.

264 1120 382 1184 rudit
405 1121 491 1203 Iepta
510 1121 715 1204 principatum
735 1139 787 1186 sex
806 1122 893 1186 annis
905 1121 1016 1187 tenuit.
1039 1120 1111 1186 huic
1124 1119 1244 1184 Esehon
1257 1119 1415 1197 successit,
1503 1156 1519 1197 ;ι

292 1222 324 1286 et
337 1223 512 1304 tranquillis
526 1224 615 1288 robus
630 1226 732 1290 eredo
746 1224 875 1306 imperio
889 1242 966 1290 anno
982 1224 1111 1306 septimo
1126 1223 1263 1288 demasii.
1285 1223 1415 1303 postque
1507 1261 1522 1303 -3

292 1341 363 1388 eum
383 1325 476 1390 Ailou
496 1326 689 1392 Zabulonites
705 1328 792 1392 annis
812 1346 837 1392 x
856 1327 992 1409 itemque
1006 1326 1117 1392 Ahdon
1130 1326 1216 1392 anuis
1231 1343 1296 1390 vm
1310 1342 1415 1392 rerum
1508 1367 1523 1412 ;

291 1426 398 1508 potiti,
420 1428 503 1510 pacis
517 1429 652 1511 tempore
666 1429 745 1495 nihil
760 1430 840 1512 quod
854 1429 983 1494 hietoum
995 1429 1168 1512 loqueretur
1181 1427 1350 1493 ediderunt.
1428 1451 1465 1490 ιο

241 1534 281 1597 2⁷
332 1529 467 1595 Rursum
492 1532 647 1597 Israelitae
672 1533 711 1597 ad
736 1533 818 1597 idola
843 1532 993 1610 conuersi,
1032 1532 1137 1598 diuino
1163 1530 1305 1596 destituti
1323 1548 1415 1611 prae·
1499 1573 1507 1583 -

290 1630 384 1710 sidio,
407 1633 535 1698 subiecti
555 1635 730 1718 Allophylis
752 1654 805 1717 per
824 1654 870 1700 xa
892 1634 1081 1717 captiuitatis
1101 1651 1194 1700 annos
1213 1649 1323 1714 poenas
1342 1650 1415 1713 per·
1503 1679 1514 1720 .·

261 1733 379 1799 rudae
398 1737 611 1816 pependerumt.
640 1755 675 1802 ea
694 1738 875 1820 tempestate
894 1736 1020 1802 Samson
1040 1737 1130 1802 natus
1149 1735 1291 1800 traditum
1319 1733 1414 1798 hunius
1504 1785 1517 1826 ;

289 1837 387 1900 mater
401 1837 454 1900 diu
469 1837 583 1902 sterilis
597 1839 741 1923 angelum
755 1839 850 1917 uidit,
873 1839 1051 1921 dictumque
1065 1839 1094 1903 ei
1107 1840 1168 1916 est,
1184 1838 1256 1902 uino
1270 1838 1302 1902 et
1316 1836 1415 1902 sicera
1503 1920 1507 1927 ι

288 1937 378 2019 atque
393 1938 548 2004 inmundis
563 1941 742 2006 abstineret:
765 1941 829 2006 fore
848 1941 896 2006 uti
916 1960 1045 2024 puerum
1058 1942 1159 2006 ederet
1172 1939 1325 2004 libertatis
1339 1939 1458 2004 uin-1⁵

288 2037 387 2104 dicem
413 2041 445 2104 et
472 2042 607 2108 hostium
634 2044 774 2116 ultorem.
808 2044 854 2110 ita
879 2044 990 2108 mulier
1016 2044 1104 2109 enixa
1129 2061 1257 2125 puemm
1282 2040 1413 2106 Samson

257 2152 396 2207 saonen
415 2143 443 2207 a
464 2144 585 2210 nuere.
608 2146 769 2212 suono
784 2147 882 2228 capite
902 2147 997 2212 mnae
1010 2146 1137 2211 annos
1158 2145 1252 2210 fuso
1266 2143 1411 2220 taum,
1515 2133 1524 2215 ζ

286 2245 359 2310 adeo
373 2247 409 2310 ut
423 2247 652 2314 leoneminuia
666 2250 793 2316 obuium
806 2269 899 2316 manu
913 2250 1103 2331 discerperet.
1126 2266 1250 2314 uxorem
1269 2265 1305 2310 ex
1319 2246 1412 2310 Allo·
1512 2234 1523 2250 ⁸

285 2348 386 2432 phylis
406 2349 530 2416 habuit:
558 2371 634 2434 quae
654 2371 724 2418 oum
744 2353 866 2418 ahsente
886 2353 952 2418 uim
978 2353 1011 2417 in
1031 2352 1156 2417 alteriue
1176 2348 1412 2415 matrimonium
1508 2339 1521 2438 J

285 2452 488 2533 conuenisset,
511 2455 612 2519 dolore
626 2457 743 2536 ereptae
758 2456 895 2539 coniugis
909 2454 1074 2537 perniciem
1092 2454 1179 2538 genti
1197 2453 1323 2518 molitus
1343 2450 1409 2515 est:
1420 2465 1455 2506 20
1517 2535 1520 2543 1

285 2556 383 2622 fretus
394 2557 457 2620 Deo
473 2557 504 2620 et
517 2557 635 2622 uiribus
649 2558 751 2639 palam
766 2558 895 2622 uictores
910 2557 994 2624 clade
1005 2556 1166 2622 afficiebat.
1179 2573 1242 2620 occ
1254 2554 1412 2636 siquidem
1512 2621 1524 2633 ,Ν

287 2657 431 2738 uulpibus
452 2659 564 2740 captis,
587 2660 724 2724 ardentes
744 2660 898 2742 lampades
912 2679 1017 2726 earum
1036 2659 1173 2744 illigauit
1192 2657 1297 2723 caudis
1316 2658 1412 2738 atque
1522 2740 1523 2743 Ἴ

286 2775 335 2822 eae
355 2759 438 2842 agris
458 2760 594 2826 hostium
610 2761 742 2828 inmisit.
766 2781 800 2827 ac
813 2764 882 2828 tum
900 2761 978 2828 forte
998 2763 1128 2828 maturis
1148 2761 1298 2827 messibus
1318 2759 1412 2824 facile
1522 2842 1523 2849 ἵ

255 2860 460 2926 41ηοθηάἰιιιη
481 2862 556 2943 fuit,
579 2864 742 2947 uineaeque
762 2867 793 2930 et
812 2866 963 2933 oliuarnm
988 2866 1109 2932 arbores
1129 2866 1261 2930 exuuiae.
1297 2862 1410 2947 grandi
1515 2864 1523 2945 ᾗ

285 2963 520 3048 Allophylorum
535 2967 626 3033 exitio
641 2968 782 3051 abreptae
795 2969 895 3034 uxoris
906 2969 1051 3034 iniuriam
1064 2970 1149 3033 ultus
1159 2967 1330 3034 uidebatur.
1346 2983 1411 3048 quo
1419 2988 1453 3032 es
1521 2974 1522 2977 ’

284 3066 386 3132 dolore
406 3068 565 3153 dllophyli
584 3071 714 3152 permoti
734 3071 893 3137 mulierem
907 3073 987 3138 tanti
1003 3073 1079 3138 mali
1093 3069 1410 3136 causamcumdomo
1520 3070 1522 3081 ⁴

284 3170 413 3252 etpatre
428 3171 833 3257 incendioconsumpsemnt.
849 3172 1409 3257 sedSamsonparumseuiadicatum
1520 3144 1522 3181 ¹

283 3273 383 3353 ratus,
400 3293 528 3358 urguere
542 3277 682 3341 omnihus
696 3277 895 3343 incommodis
909 3278 1067 3361 profanam
1082 3279 1205 3362 gentem
1214 3294 1274 3341 non
1286 3275 1409 3340 desine-

253 3375 345 3440 eunt.
374 3377 444 3442 tum
464 3379 612 3460 compulsi
632 3380 736 3445 runai
757 3381 894 3446 unam
913 3400 984 3446 eum
1004 3380 1179 3464 nuopnyns
1198 3379 1408 3445 seuuemo:
1520 3360 1521 3389 ¹

383 3598 478 3652 uJuu.
494 3601 538 3655 12.
576 3602 611 3656 11
630 3599 689 3655 Juu
711 3602 754 3658 13.
793 3603 829 3659 17
847 3603 906 3657 ouo.
928 3602 964 3659 14
1000 3604 1036 3659 21
1055 3601 1116 3658 ruo.
1137 3604 1181 3662 15.
1199 3584 1201 3587 ’

330 3801 351 3857 4
373 3801 501 3856 foeminea
522 3805 538 3857 b
600 3805 618 3862 5
641 3808 730 3860 tamon
752 3806 802 3860 dcl.
821 3807 979 3875 Fabricios,
1002 3807 1067 3862 itera
1089 3807 1193 3876 Vocet,
1223 3808 1280 3862 obi
1296 3809 1406 3861 tantum

278 3888 425 3942 delendum
435 3889 471 3942 eit
517 3889 535 3945 6
548 3889 628 3944 rediit
640 3892 697 3946 Ph:
710 3891 781 3946 redit
792 3891 851 3946 edd.
865 3894 1026 3948 recentiores
1044 3894 1056 3960 ll
1073 3893 1212 3947 Dominob
1259 3889 1405 3962 7Ἐσεβάν

278 3988 336 4028 axx
398 3973 417 4030 8
440 3977 467 4028 et
489 3975 519 4028 h:
538 3989 586 4028 om.
612 3977 640 4030 P
702 3977 720 4034 9
742 3977 821 4032 Allon
844 3979 898 4046 Ph,
926 3976 1022 4033 Alide
1046 3979 1148 4047 LXX,
1178 3978 1293 4033 hhialon
1316 3980 1405 4048 culpo

331 4060 367 4116 12
385 4059 522 4129 allophilis
534 4061 562 4114 P
573 4066 598 4115 et
608 4063 647 4116 uic
658 4062 739 4128 iufra
749 4079 853 4132 emper
863 4064 988 4133 allophili
1042 4065 1080 4121 14
1093 4065 1218 4134 dictuque
1231 4066 1258 4119 P
1279 4067 1292 4133 ΙΙ
1315 4065 1403 4118 sicera

278 4145 316 4208 Ρ,
335 4146 382 4200 red
405 4163 417 4198 e
441 4145 534 4200 eodem
556 4163 589 4200 m.
614 4163 648 4201 eo
670 4163 684 4202 c
708 4163 775 4202 corr.
836 4149 872 4206 17
889 4149 972 4204 fumeo
989 4150 1045 4204 Ph:
1069 4167 1118 4205 ora.
1137 4151 1196 4205 edd.
1209 4156 1320 4205 receuti.
1336 4151 1400 4218 ple·

278 4243 378 4369 rhoebe
440 4232 840 4302 armanoopmeorae
906 4234 1235 4292 remisserunt
1303 4234 1401 4293 aaa·

276 4329 340 4382 gere
