3050 4984
291 341 336 408 28
466 327 467 332 ¹
713 345 861 416 Sulpicii
878 346 994 400 Seueri

293 496 332 568 ab
348 497 399 564 hie
418 515 479 566 nen
498 500 668 582 reaeptum,
691 517 764 568 eum
783 501 847 569 iam
866 501 936 568 inde
955 503 995 568 ab
1009 501 1099 568 initio
1112 499 1227 568 totiens
1238 499 1272 567 iu
1286 499 1419 567 Domino
1513 517 1521 558 ·.

293 599 421 666 rebelles
435 601 710 684 deprehendentur:
732 605 892 689 magisque
906 605 1024 672 mirum
1041 605 1103 682 eet,
1126 603 1191 671 illie
1210 618 1329 684 semper
1348 620 1419 684 pee-
1512 624 1522 661 ι,

256 844 259 853 y
293 702 437 872 311θὲἰὲΓέ
438 722 627 874 anlnluunquam
652 707 725 785 Dei,
749 707 776 772 ei
791 708 910 790 quando
925 727 997 775 eum
1010 707 1264 790 implumuarunt,
1284 704 1421 771 detruse
1507 727 1523 873 ;Ἰ

241 862 283 967 it
328 908 438 1008 igitur
464 857 535 978 aum
559 910 617 989 eis,
640 912 678 977 ut
701 931 793 994 supra
814 871 991 992 retulimus,
1016 913 1203 980 Madianitas
1226 860 1448 978 dominanda-⁵
1509 868 1523 979 ‘i

294 1011 359 1089 tur,
383 1012 521 1080 sonuerat
545 1013 585 1081 ad
609 1014 793 1093 Dominum,
820 1016 1061 1083 miserimrdiam
1085 1015 1211 1083 solitam
1235 1014 1421 1098 flagitantes,
1509 1054 1521 1068 -

259 1123 284 1192 :2
294 1113 544 1195 impetrauerant.
567 1117 676 1184 eratin
687 1118 834 1184 Hebraeis
844 1117 967 1185 Gedeon
976 1119 1104 1201 quidam
1113 1117 1245 1195 nomine,
1260 1117 1311 1182 uir
1321 1116 1422 1181 iustus
1515 1147 1522 1178 r

291 1217 325 1285 et
340 1235 426 1286 sarus
447 1219 510 1283 Deo
530 1221 739 1302 deceptusque.
762 1221 834 1287 huie
853 1222 981 1306 angelus
997 1221 1034 1286 de
1048 1238 1155 1302 campe
1170 1219 1280 1284 messis
1293 1220 1423 1285 domum
1521 1264 1522 1287 t

285 1321 458 1390 vreuertenti
473 1320 574 1388 astitit
594 1323 625 1388 et
644 1313 815 1392 ‘Dominus'
836 1324 938 1406 inquit
953 1319 1081 1403 ‘tesam
1106 1324 1212 1405 petens
1232 1322 1266 1388 in
1284 1309 1422 1386 uirtute’.

264 1422 327 1490 3at
347 1422 400 1488 ille
419 1441 492 1488 usse
506 1424 618 1492 hrimili
637 1443 698 1492 non
717 1445 783 1492 sese
802 1427 836 1492 in
849 1445 881 1492 se
895 1428 996 1493 Deum
1010 1425 1247 1511 ingemescebat,
1269 1425 1424 1508 siquidem
1434 1442 1467 1482 ιο
1511 1459 1524 1503 3

293 1525 375 1606 quod
389 1526 537 1607 populum
551 1527 714 1610 captiuitas
728 1532 893 1610 premeret,
914 1530 1126 1612 uirtutumque
1140 1528 1280 1606 Domini,
1303 1527 1357 1609 qui
1370 1544 1423 1591 eos
1514 1566 1524 1608 :

263 1628 332 1694 lde
343 1630 424 1696 tems
434 1628 571 1714 Aegypti
585 1631 743 1709 eduxerat,
766 1631 842 1697 flens
856 1633 1077 1700 meordabatur.
1100 1633 1169 1698 tum
1183 1631 1309 1714 angelus
1322 1618 1423 1694 ‘uada'
1513 1669 1524 1711 e

294 1731 396 1813 inquit
416 1725 459 1798 ‘in
484 1732 541 1798 hoe
566 1733 692 1815 spiritu,
721 1751 780 1816 que
799 1734 920 1800 loeutus
939 1753 987 1813 se,
1014 1736 1046 1798 et
1064 1734 1213 1816 populum
1231 1734 1270 1798 de
1289 1731 1423 1814 captiui-
1512 1776 1523 1818 .,

255 1874 270 1896 ι.
286 1833 358 1902 ,aa
383 1823 485 1916 eripe?
507 1835 561 1900 ille
586 1853 657 1902 uere
681 1837 814 1902 abnuere
834 1855 866 1903 ee
885 1837 1024 1904 infr-estis
1044 1855 1169 1903 enorum
1187 1835 1320 1913 uiribus,
1350 1853 1423 1902 eum
1515 1879 1523 1902 2

285 1935 359 2017 ‚ipse
373 1937 628 2016 minimus'esset,
652 1941 865 2006 tantumenus
886 1941 1045 2022 suscipere.
1068 1941 1201 2022 perstare
1220 1940 1360 2023 augelus,
1383 1957 1462 2004 nere
1522 2022 1524 2027 ,

263 2039 449 2106 tdubitaret
473 2057 560 2122 posse
585 2041 665 2120 fieri,
689 2062 766 2125 quae
789 2044 873 2108 Deus
899 2043 1087 2125 loquebatur.
1115 2041 1248 2124 perfeeto
1273 2040 1421 2106 sacrificio
1520 2123 1524 2131 ι

290 2142 454 2225 dirutaque
468 2163 529 2222 era,
546 2164 638 2227 quam
652 2146 756 2212 Baalis
771 2146 853 2211 idola
866 2146 1052 2212 Madianitse
1067 2145 1274 2222 uastauerant,
1295 2144 1335 2208 ad
1349 2162 1420 2208 sues
1516 2193 1524 2233 ,¹

292 2245 444 2330 proiectus
465 2248 566 2314 eastra
587 2248 694 2314 eastris
714 2249 853 2315 hostium
878 2249 1016 2316 eontulit.
1050 2249 1103 2314 sed
1123 2247 1304 2315 Madienitis
1324 2245 1420 2315 etiam

291 2365 366 2433 geue
380 2349 530 2416 Amalech
545 2369 577 2416 ee
585 2351 801 2418 eoniumerat:
823 2351 946 2417 Gedeen
966 2370 1038 2416 uera
1051 2369 1111 2418 nen
1125 2350 1258 2432 amplius
1272 2369 1365 2431 quam
1379 2351 1420 2414 ad
1522 2403 1524 2429 ,

260 2452 422 2536 etriginte
446 2455 477 2518 et
496 2473 524 2520 11
549 2455 637 2520 milia
651 2455 829 2520 exereitum
847 2455 1016 2537 parauerat.
1040 2454 1092 2519 sed
1112 2453 1291 2536 priusquam
1311 2451 1461 2521 senili-20

292 2557 391 2638 geret,
413 2557 496 2620 Deus
511 2557 636 2622 adeum
649 2557 769 2622 loeutus
783 2557 845 2634 eet,
860 2556 992 2622 nimiam
1005 2575 1068 2622 esse
1082 2556 1161 2622 haue
1174 2555 1418 2633 multitudinem,

293 2675 385 2738 quem
410 2657 444 2722 in
468 2658 619 2738 proelium
644 2659 738 2722 uellet
762 2658 902 2723 edueere:
936 2659 1089 2725 Hebraeae
1108 2676 1163 2740 pre
1183 2658 1274 2723 solita
1292 2657 1419 2739 perfidia

287 2759 436 2824 euentum
451 2777 570 2843 pugnae
583 2778 644 2825 non
657 2761 736 2838 Dee,
759 2761 813 2826 sed
831 2761 941 2826 uirtuti
961 2780 1034 2826 suae
1047 2762 1187 2828 daturos:
1209 2761 1313 2844 itaque
1331 2761 1420 2826 deret

260 2901 264 2928 r
291 2861 466 2926 uolentibus
480 2861 653 2928 euadendi
674 2864 866 2945 potestatem.
889 2865 970 2947 quod
993 2865 1048 2931 ubi
1072 2864 1184 2946 populo
1208 2864 1419 2947 diuulgetum,

292 2951 344 3029 x—rt
356 2967 387 3030 et
406 2953 438 3032 Ῑῖ
454 2985 472 3030 a
493 2965 600 3030 caetis
614 2968 809 3032 messuerunt.
832 2967 885 3032 sed
904 2985 941 3031 ex
955 2967 1060 3033 decem
1079 2966 1220 3043 milibus,
1244 2985 1320 3047 quae
1334 2981 1456 3032 rese-ee

261 3068 412 3148 iderant,
428 3069 603 3134 admonitus
617 3089 635 3133 a
648 3070 714 3134 Des
726 3087 788 3134 nen
801 3069 935 3151 amplius
949 3089 1043 3152 quam
1052 3068 1201 3135 tradentes
1212 3067 1327 3132 tenuit:
1342 3068 1418 3133 reli-

292 3189 368 3252 quos
381 3173 419 3236 ab
433 3172 529 3237 armis
543 3172 672 3238 dimisit.
688 3173 733 3236 ita
747 3173 848 3238 media
862 3172 973 3256 uigilia
986 3174 1086 3238 caetra
1098 3171 1237 3238 hostium
1250 3171 1417 3255 ingressus,

290 3273 382 3339 iussis
397 3275 538 3340 omnibus
552 3275 628 3340 tuba
642 3293 760 3353 muers,
776 3293 925 3359 magnum
938 3276 1085 3340 terrerem
1098 3274 1217 3340 iniecit:
1239 3292 1337 3356 neque
1349 3274 1418 3338 eui-

291 3396 384 3459 quam
398 3378 558 3442 resistendi
569 3378 689 3443 animus
701 3377 777 3442 fuit:
793 3378 876 3460 turpi
888 3378 963 3462 iuga
973 3396 1032 3460 quo
1044 3377 1172 3459 quisque
1182 3377 1284 3458 potuit
1294 3376 1420 3458 dilapsi,

395 3563 431 3621 19
450 3564 510 3618 Jud.
531 3565 556 3621 7.

344 3719 359 3776 1
379 3734 430 3772 non
450 3735 506 3773 esse
527 3721 661 3789 receptum
681 3720 697 3773 t
719 3723 731 3788 Η
754 3719 836 3773 toties
855 3720 872 3774 t
893 3721 906 3788 {t
928 3718 959 3772 in
974 3718 1119 3772 Dominum
1140 3716 1264 3771 Veratius
1326 3713 1417 3770 8Βο-

288 3805 389 3858 minet
441 3803 621 3860 tataddidit
638 3805 762 3860 Voretiue
778 3807 790 3874 ΙΙ
805 3804 940 3872 inquidP
993 3803 1030 3860 10
1039 3803 1183 3857 Dominum
1194 3799 1416 3871 ingemiseebatb

301 3892 314 3959 Η
336 3889 468 3959 siquidem
478 3890 604 3958 papulum
621 3890 760 3944 Gieeliam
814 3890 851 3946 14
868 3889 983 3944 abnuere
999 3889 1029 3943 in
1039 3906 1068 3944 ee
1079 3889 1221 3955 Heredem
1238 3885 1344 3956 siquid
1352 3901 1415 3939 ma-

290 3977 420 4045 emman,
434 3977 530 4045 potius
541 3991 569 4030 se
581 3976 725 4031 deleeedsan
742 3976 855 4031 ardeae
912 3976 949 4035 15
967 3979 1086 4045 perstare
1098 3976 1139 4030 P:
1158 3976 1277 4044 perstare
1289 3971 1414 4028 eontrab

292 4063 329 4120 16
347 4064 477 4118 Dominus
498 4063 514 4116 b
537 4064 549 4130 ΙΙ
570 4062 685 4132 perlecto
703 4063 744 4116 P:
774 4063 890 4131 perfecte
906 4062 992 4132 igitur
1008 4063 1024 4115 b
1089 4061 1125 4119 17
1142 4060 1243 4115 bachili
1255 4060 1284 4113 P
1298 4075 1373 4142 ears..
1381 4057 1414 4111 in

288 4149 397 4204 bachali
467 4149 502 4207 18
521 4149 652 4218 perlaetus
670 4150 698 4202 P
767 4149 803 4206 19
820 4148 928 4203 Amalec
945 4149 1068 4203 Draeiae
1141 4147 1181 4204 20
1197 4163 1222 4202 11
1239 4145 1371 4214 milia]11
1388 4145 1422 4199 ΡΙ

342 4235 380 4292 22
398 4237 481 4305 prelio
499 4235 526 4290 P
547 4237 560 4303 tl
588 4235 668 4289 solita
691 4236 719 4289 P
771 4234 819 4291 -26
841 4251 859 4288 a
876 4235 1026 4289 Dominob
1089 4233 1126 4291 29
1149 4232 1262 4302 quisque
1284 4233 1316 4286 t:
1339 4230 1416 4299 quis·

289 4324 344 4387 qud
362 4322 389 4373 P
410 4323 422 4388 11
445 4321 542 4390 dilapsi
556 4323 595 4375 P:
614 4321 753 4391 dilapsieb
