3050 4984
256 385 299 450 42
677 381 825 452 Sulpicii
838 367 963 436 Seueri

227 557 334 616 anem.
359 539 411 604 sed
425 538 478 604 ille
492 556 552 604 non
566 537 651 603 aliud
665 537 726 603 sibi
740 556 834 620 qnam
854 537 1036 620 sapientiam
1049 537 1116 602 dari
1134 535 1286 618 poposcit,
1308 533 1383 600 reli-
1484 517 1523 584 :22

256 661 316 723 qua
330 641 432 728 onmia
444 641 533 723 perui
547 641 721 706 aestimans.
744 641 791 706 ita
804 657 910 706 somno
925 639 1089 718 excitatns,
1111 657 1182 704 cnm
1196 638 1267 702 ante
1281 655 1382 702 sacra-
1484 647 1503 687 ·:·

188 757 190 761 ·
254 745 336 809 rium
350 743 408 809 Dei
423 743 624 824 constitisset,
646 743 784 809 indultae
798 743 969 807 sibiaDeo
984 741 1150 824 sapientiae
1163 740 1383 806 documentum

225 847 347 920 3dedit.
370 847 590 929 namqneduee
601 845 1174 922 mulieresnnaindomodiuersantes,
1190 842 1382 908 cumeodcm
1489 855 1516 945 ἐξ

252 951 386 1032 tempore
406 966 515 1031 pueros
535 949 702 1015 edidissent
722 951 813 1032 atque
833 967 869 1014 cx
889 948 939 1012 his
961 948 1038 1013 alter
1058 947 1128 1030 post
1149 946 1232 1010 diem
1252 944 1382 1010 tertium
1405 961 1421 1001 ⁵
1483 959 1522 1003 :si

252 1055 337 1120 nocte
357 1053 485 1130 obisset,
508 1054 606 1117 mater
625 1052 762 1119 defuncti
788 1070 893 1117 somno
913 1051 1040 1116 alteriue
1058 1050 1205 1116 insidiata
1222 1049 1381 1118 mortuum
1485 1065 1519 1107 r

251 1174 341 1220 snum
356 1155 530 1238 supposuit,
553 1155 710 1221 uiuentem
724 1155 863 1220 abstulit.
886 1155 957 1219 inde
971 1154 1051 1218 inter
1064 1171 1114 1218 eas
1129 1153 1167 1217 de
1180 1169 1273 1233 puero
1287 1150 1381 1215 altor·

251 1257 345 1336 catio,
368 1258 520 1341 postremo
541 1277 588 1322 res
615 1259 654 1324 ad
674 1275 779 1343 regem
798 1258 914 1324 deleta:
943 1256 1081 1322 difficilis
1101 1254 1210 1321 indicii
1229 1253 1380 1318 absolutio
1486 1276 1521 1318 rr.

222 1360 331 1429 linter
343 1361 501 1446 negantis,
523 1361 578 1426 ubi
598 1362 687 1426 testis
702 1362 814 1428 deerat.
837 1363 906 1426 tum
921 1360 1064 1425 Salomon
1077 1359 1201 1424 diuinae
1214 1357 1381 1439 sapientiae
1484 1381 1524 1443 ,ες

248 1566 343 1631 iubet.
367 1585 496 1649 cumque
525 1587 586 1632 una
611 1586 716 1632 carum
736 1567 850 1632 iudicio
870 1565 1091 1649 adquienissct,
1114 1565 1176 1630 alia
1189 1582 1261 1629 uero
1275 1563 1380 1629 cedere
1485 1573 1518 1634 ,ξιτ

247 1669 350 1752 potius
365 1688 457 1752 puero
473 1689 566 1753 qnam
580 1670 711 1752 discerpi
726 1688 798 1735 cum
812 1670 935 1748 mallet,
956 1668 1100 1734 Salomon
1113 1687 1150 1732 en
1163 1668 1274 1732 affectu
1288 1666 1380 1732 femi·
1486 1696 1521 1740 :2-

246 1791 302 1836 nae
323 1773 401 1837 hanc
420 1791 490 1838 uere
511 1773 642 1838 matrem
663 1791 727 1838 csse
742 1773 928 1851 coniectans,
950 1790 1080 1854 puerum
1105 1771 1154 1835 illi
1179 1769 1379 1863 adiudicauit
1486 1800 1516 1865 ,χῖ

246 1892 306 1939 non
332 1875 397 1940 sine
423 1875 689 1940 circumstantium
714 1875 931 1954 admiratione,
953 1875 1106 1958 siquidem
1130 1874 1278 1940 latentem
1297 1873 1379 1939 neri·
1487 1891 1517 1951 1·

217 1978 344 2041 itatem
358 1977 521 2059 prudentia
534 1978 721 2060 protulisset.
744 1979 791 2043 ite
809 1979 843 2043 in
863 1978 1097 2043 admirationem
1116 1977 1233 2062 ingenii
1246 1978 1419 2060 maden-1⁵

246 2079 367 2162 tiaeque
382 2080 447 2144 eius
462 2099 548 2165 reges
563 2080 734 2146 uicinarum
755 2081 896 2166 gentium
915 2081 1086 2146 amicitiam
1106 2081 1144 2146 ab
1164 2099 1199 2145 co
1213 2080 1380 2163 foedusque
1492 2067 1519 2180 ᾗ,

245 2182 374 2266 petiere,
396 2184 496 2266 parati
510 2184 660 2266 imperata
674 2183 781 2249 iacere.
1491 2253 1511 2286 ·=

195 2307 236 2370 40
289 2283 365 2364 Quis
402 2287 510 2369 opibus
544 2287 674 2352 confisus
707 2287 875 2370 templum·
891 2289 956 2353 Deo
983 2287 1116 2352 inmensi
1149 2287 1248 2369 operis
1280 2287 1379 2352 facere
1491 2311 1514 2372 :-i

246 2407 424 2474 aggressus,
446 2391 561 2472 parutis
581 2409 635 2472 per
654 2390 823 2456 triennium
843 2390 1023 2473 impendiis,
1044 2391 1153 2473 quarto
1173 2389 1236 2455 fere
1254 2387 1378 2471 imperii
1492 2436 1522 2478 ,2

245 2509 322 2558 anno
342 2494 479 2575 primum
499 2492 735 2558 fundamentum
757 2493 845 2571 iecit,
868 2512 887 2557 a
907 2492 1092 2575 profectione
1112 2493 1322 2558 Hebraeorum
1341 2507 1414 2556 erac
1495 2533 1523 2596 3?

244 2595 387 2680 Aegypto
407 2614 485 2660 anno
505 2596 568 2660 fere
589 2596 696 2661 octauo
717 2596 748 2660 et
768 2595 953 2679 octogesimo
976 2597 1007 2660 et
1021 2595 1281 2680 quingentesimo,
1303 2594 1377 2659 licet
1504 2656 1514 2682 Ι,

243 2696 323 2761 libro
337 2697 514 2782 Regnorum
528 2698 619 2762 tertio
635 2715 767 2762 ccccxi,
785 2697 879 2763 inisse
894 2697 1079 2778 referantur,
1094 2691 1176 2782 quod
1185 2715 1378 2781 nequaquam
1500 2729 1514 2785 {³

244 2799 401 2879 conuenit,
430 2799 582 2881 siquidem
603 2818 657 2883 per
679 2801 789 2866 seriem
815 2801 955 2883 superius
981 2803 1229 2884 comprehensam
1253 2800 1376 2868 facilius

215 2899 352 2981 2fuerit,
376 2903 412 2966 nt
426 2902 529 2967 minus
544 2902 682 2968 fortassis
697 2921 847 2969 annornm
861 2923 955 2987 quam
969 2905 1103 2988 amplius
1117 2906 1299 2972 curcurim.
1321 2907 1375 2970 sed
1498 2950 1508 2994 λ

242 3021 303 3070 non
324 3004 432 3072 dubito
454 3005 651 3070 librariorum
671 3007 775 3089 potius
795 3008 1004 3092 neglegentia,
1033 3009 1213 3091 praesertim
1239 3011 1287 3075 tot
1307 3009 1372 3075 iam
1384 3013 1412 3055 Ἀ
1506 3040 1523 3102 j:

242 3107 371 3172 saeculis
392 3108 666 3190 intercedentibus,
695 3111 860 3176 ueritatem
887 3110 982 3176 fuisse
1005 3113 1193 3194 corruptam,
1224 3131 1317 3195 qnam
1338 3113 1375 3178 ut
1503 3166 1517 3179 ,,

240 3209 387 3292 propheta
414 3211 569 3276 errauerit.
600 3213 681 3278 sicut
708 3213 741 3278 in
768 3212 825 3278 hoc
853 3214 919 3296 ipso
941 3216 1044 3280 nostro
1066 3216 1211 3298 opusculo
1233 3215 1375 3280 futurum
1501 3182 1519 3310 ζ,

241 3311 409 3393 credimus,
429 3315 466 3378 ut
485 3313 724 3380 describentium
744 3316 878 3394 incuria,
902 3336 979 3399 quae
998 3336 1060 3383 non
1078 3319 1229 3383 incuriose
1249 3317 1375 3383 anobis
1505 3306 1518 3381 .’

241 3416 314 3482 sunt
327 3414 457 3499 digesta,
473 3417 632 3482 uitientur.
648 3418 746 3502 igitur
758 3418 901 3484 Salomon
916 3422 1057 3503 coeptum
1071 3421 1181 3504 templi
1196 3439 1271 3504 opus
1286 3421 1375 3506 uigc·
1456 3406 1459 3415 ’

211 3517 318 3586 3simo
340 3537 416 3584 anno
437 3520 592 3603 explicuit.
624 3521 775 3586 celebrato
796 3523 905 3588 deinde
924 3523 1041 3588 ibidem
1063 3524 1210 3589 sacnfic‘ro
1232 3525 1413 3607 dictaque³⁰

240 3620 384 3701 oratione,
401 3642 461 3705 qna
475 3623 625 3706 populum
638 3625 851 3708 templumque
865 3625 1035 3707 benedixit,
1051 3629 1135 3692 Deus
1150 3628 1188 3693 ad
1203 3647 1275 3693 eum
1288 3627 1374 3692 locu·
1512 3684 1514 3691 ,

238 3725 290 3790 tus
306 3725 361 3804 est,
374 3725 555 3792 denuntians
567 3727 640 3806 fore,
653 3727 680 3792 si
693 3729 812 3810 quando
824 3731 999 3811 peccassent
1009 3749 1045 3795 ac
1055 3731 1157 3796 Deum
1169 3731 1375 3814 reliquissent,
1512 3727 1515 3734 ’

343 3915 1338 4042 eramecmecmed

289 4184 409 4241 Siudici
431 4202 580 4256 perperam
605 4187 722 4242 mdabat
747 4188 782 4243 de
808 4192 898 4246 Proto
963 4192 1129 4263 9ncgantes
1156 4197 1185 4250 P
1204 4211 1275 4251 corr.
1304 4202 1331 4251 et
1355 4198 1373 4252 b

291 4270 327 4326 18
346 4271 426 4337 anis
443 4271 461 4325 b
481 4274 494 4341 ΙΙ
513 4272 627 4326 Domino
644 4273 769 4328 immensi
786 4274 804 4329 b
866 4276 905 4333 29
922 4277 1044 4332 uitentur
1066 4280 1095 4335 P
1145 4280 1182 4338 31
1201 4281 1330 4335 Dominus
1348 4282 1372 4348 b,
1512 4250 1521 4337 Ε

237 4355 301 4408 item
314 4355 351 4412 32
364 4356 513 4413 Dominum.
848 4362 852 4371 “
1512 4357 1515 4366 ’
