<?xml version="1.0" encoding="UTF-8"?>
<!DOCTYPE html PUBLIC "-//W3C//DTD XHTML 1.0 Transitional//EN"
    "http://www.w3.org/TR/xhtml1/DTD/xhtml1-transitional.dtd">
<html xmlns="http://www.w3.org/1999/xhtml" xml:lang="en" lang="en">
 <head>
  <title>
</title>
<meta http-equiv="Content-Type" content="text/html;charset=utf-8" />
  <meta name='ocr-system' content='tesseract 3.04.00' />
  <meta name='ocr-capabilities' content='ocr_page ocr_carea ocr_par ocr_line ocrx_word'/>
</head>
<body>
  <div class='ocr_page' id='page_1' title='image "./corpusscriptoru02wissgoog_0039.png"; bbox 0 0 3050 4984; ppageno 0'>
   <div class='ocr_carea' id='block_1_1' title="bbox 525 341 1229 410">
    <p class='ocr_par' dir='ltr' id='par_1_1' title="bbox 525 341 1229 410">
     <span class='ocr_line' id='line_1_1' title="bbox 525 341 1229 410; baseline -0.003 -11"><span class='ocrx_word' id='word_1_1' title='bbox 525 342 639 399; x_wconf 83' lang='lat' dir='ltr'>Chron.</span> <span class='ocrx_word' id='word_1_2' title='bbox 657 343 679 406; x_wconf 94' lang='lat' dir='ltr'>I,</span> <span class='ocrx_word' id='word_1_3' title='bbox 699 341 817 400; x_wconf 80' lang='grc'>19-21.</span> <span class='ocrx_word' id='word_1_4' title='bbox 1186 343 1229 410; x_wconf 79' lang='lat'>23</span> 
     </span>
    </p>
   </div>
   <div class='ocr_carea' id='block_1_2' title="bbox 12 497 1301 3466">
    <p class='ocr_par' dir='ltr' id='par_1_2' title="bbox 12 497 1301 3466">
     <span class='ocr_line' id='line_1_2' title="bbox 94 497 1230 591; baseline -0.004 -25"><span class='ocrx_word' id='word_1_5' title='bbox 94 503 132 566; x_wconf 91' lang='lat' dir='ltr'>ut</span> <span class='ocrx_word' id='word_1_6' title='bbox 147 502 264 591; x_wconf 77' lang='lat' dir='ltr'>¹spreto</span> <span class='ocrx_word' id='word_1_7' title='bbox 281 500 382 583; x_wconf 88' lang='lat' dir='ltr'>Moysi</span> <span class='ocrx_word' id='word_1_8' title='bbox 404 499 531 582; x_wconf 88' lang='lat' dir='ltr'>imperio</span> <span class='ocrx_word' id='word_1_9' title='bbox 552 499 660 564; x_wconf 86' lang='lat' dir='ltr'>ducem</span> <span class='ocrx_word' id='word_1_10' title='bbox 682 499 742 564; x_wconf 90' lang='lat' dir='ltr'>sibi</span> <span class='ocrx_word' id='word_1_11' title='bbox 764 497 947 564; x_wconf 88' lang='lat' dir='ltr'>constituere</span> <span class='ocrx_word' id='word_1_12' title='bbox 967 499 1120 580; x_wconf 85' lang='lat' dir='ltr'>pararent,</span> <span class='ocrx_word' id='word_1_13' title='bbox 1143 497 1230 562; x_wconf 89' lang='lat' dir='ltr'>cuius</span> 
     </span>
     <span class='ocr_line' id='line_1_3' title="bbox 95 599 1258 687; baseline -0.003 -19"><span class='ocrx_word' id='word_1_14' title='bbox 95 605 199 668; x_wconf 83' lang='lat' dir='ltr'>ductu</span> <span class='ocrx_word' id='word_1_15' title='bbox 213 604 250 668; x_wconf 90' lang='lat' dir='ltr'>in</span> <span class='ocrx_word' id='word_1_16' title='bbox 264 604 444 687; x_wconf 82' lang='lat' dir='ltr'>Aegyptum</span> <span class='ocrx_word' id='word_1_17' title='bbox 458 601 689 668; x_wconf 82' lang='lat' dir='ltr'>reuerterentur.</span> <span class='ocrx_word' id='word_1_18' title='bbox 705 604 775 666; x_wconf 91' lang='lat' dir='ltr'>turn</span> <span class='ocrx_word' id='word_1_19' title='bbox 789 602 875 666; x_wconf 90' lang='lat' dir='ltr'>Iesus</span> <span class='ocrx_word' id='word_1_20' title='bbox 889 602 921 666; x_wconf 90' lang='lat' dir='ltr'>et</span> <span class='ocrx_word' id='word_1_21' title='bbox 935 599 1064 680; x_wconf 73' lang='lat' dir='ltr'>(lbaleb,</span> <span class='ocrx_word' id='word_1_22' title='bbox 1083 601 1137 684; x_wconf 85' lang='lat' dir='ltr'>qui</span> <span class='ocrx_word' id='word_1_23' title='bbox 1150 601 1258 665; x_wconf 76' lang='lat' dir='ltr'>infert</span> 
     </span>
     <span class='ocr_line' id='line_1_4' title="bbox 96 703 1232 788; baseline -0.003 -17"><span class='ocrx_word' id='word_1_24' title='bbox 96 707 310 788; x_wconf 76' lang='lat' dir='ltr'><strong>exploratores</strong></span> <span class='ocrx_word' id='word_1_25' title='bbox 329 707 427 770; x_wconf 87' lang='lat' dir='ltr'>terrae</span> <span class='ocrx_word' id='word_1_26' title='bbox 448 704 582 784; x_wconf 88' lang='lat' dir='ltr'>fuerant,</span> <span class='ocrx_word' id='word_1_27' title='bbox 609 705 769 770; x_wconf 71' lang='lat' dir='ltr'>conscissis</span> <span class='ocrx_word' id='word_1_28' title='bbox 797 704 936 770; x_wconf 88' lang='lat' dir='ltr'>uestibus</span> <span class='ocrx_word' id='word_1_29' title='bbox 957 704 1063 770; x_wconf 89' lang='lat' dir='ltr'>flentes</span> <span class='ocrx_word' id='word_1_30' title='bbox 1083 703 1232 786; x_wconf 90' lang='lat' dir='ltr'>populum</span> 
     </span>
     <span class='ocr_line' id='line_1_5' title="bbox 96 806 1231 891; baseline -0.003 -17"><span class='ocrx_word' id='word_1_31' title='bbox 96 810 314 886; x_wconf 87' lang='lat' dir='ltr'>obtestantur,</span> <span class='ocrx_word' id='word_1_32' title='bbox 334 827 372 873; x_wconf 90' lang='lat' dir='ltr'>ne</span> <span class='ocrx_word' id='word_1_33' title='bbox 386 807 626 891; x_wconf 78' lang='lat' dir='ltr'>exploratoribus</span> <span class='ocrx_word' id='word_1_34' title='bbox 641 808 779 886; x_wconf 76' lang='lat' dir='ltr'>metant,</span> <span class='ocrx_word' id='word_1_35' title='bbox 801 807 998 872; x_wconf 87' lang='lat' dir='ltr'>formidolosa</span> <span class='ocrx_word' id='word_1_36' title='bbox 1015 806 1231 872; x_wconf 89' lang='lat' dir='ltr'>referentibus:</span> 
     </span>
     <span class='ocr_line' id='line_1_6' title="bbox 78 910 1231 995; baseline 0.002 -23"><span class='ocrx_word' id='word_1_37' title='bbox 78 931 129 978; x_wconf 72' lang='lat' dir='ltr'>esc</span> <span class='ocrx_word' id='word_1_38' title='bbox 145 930 273 995; x_wconf 85' lang='lat' dir='ltr'>quoque</span> <span class='ocrx_word' id='word_1_39' title='bbox 287 931 348 976; x_wconf 90' lang='lat' dir='ltr'>nna</span> <span class='ocrx_word' id='word_1_40' title='bbox 362 910 434 975; x_wconf 89' lang='lat' dir='ltr'>cu&#39;m</span> <span class='ocrx_word' id='word_1_41' title='bbox 449 911 498 976; x_wconf 90' lang='lat' dir='ltr'>bis</span> <span class='ocrx_word' id='word_1_42' title='bbox 512 911 622 990; x_wconf 89' lang='lat' dir='ltr'>fnisse,</span> <span class='ocrx_word' id='word_1_43' title='bbox 643 911 722 976; x_wconf 87' lang='lat' dir='ltr'>nihil</span> <span class='ocrx_word' id='word_1_44' title='bbox 741 910 940 976; x_wconf 84' lang='lat' dir='ltr'>metuendum</span> <span class='ocrx_word' id='word_1_45' title='bbox 962 911 995 976; x_wconf 91' lang='lat' dir='ltr'>in</span> <span class='ocrx_word' id='word_1_46' title='bbox 1016 910 1079 974; x_wconf 92' lang='lat' dir='ltr'>solo</span> <span class='ocrx_word' id='word_1_47' title='bbox 1093 910 1148 974; x_wconf 92' lang='lat' dir='ltr'>illo</span> <span class='ocrx_word' id='word_1_48' title='bbox 1161 927 1231 992; x_wconf 88' lang='lat' dir='ltr'>rep·</span> 
     </span>
     <span class='ocr_line' id='line_1_7' title="bbox 98 1012 1260 1097; baseline 0.004 -18"><span class='ocrx_word' id='word_1_49' title='bbox 98 1015 234 1097; x_wconf 83' lang='lat' dir='ltr'>perisse:</span> <span class='ocrx_word' id='word_1_50' title='bbox 256 1014 415 1097; x_wconf 81' lang='lat' dir='ltr'>promissis</span> <span class='ocrx_word' id='word_1_51' title='bbox 435 1014 506 1080; x_wconf 89' lang='lat' dir='ltr'>illos</span> <span class='ocrx_word' id='word_1_52' title='bbox 520 1015 578 1079; x_wconf 87' lang='lat' dir='ltr'>Dei</span> <span class='ocrx_word' id='word_1_53' title='bbox 593 1013 740 1080; x_wconf 86' lang='lat' dir='ltr'>confidere</span> <span class='ocrx_word' id='word_1_54' title='bbox 754 1014 904 1095; x_wconf 80' lang='lat' dir='ltr'>oportere,</span> <span class='ocrx_word' id='word_1_55' title='bbox 919 1014 1021 1078; x_wconf 90' lang='lat' dir='ltr'>hostes</span> <span class='ocrx_word' id='word_1_56' title='bbox 1035 1012 1163 1095; x_wconf 82' lang='lat' dir='ltr'>praedae</span> <span class='ocrx_word' id='word_1_57' title='bbox 1175 1029 1260 1095; x_wconf 70' lang='lat' dir='ltr'>ptr-8</span> 
     </span>
     <span class='ocr_line' id='line_1_8' title="bbox 99 1115 1231 1201; baseline -0.001 -20"><span class='ocrx_word' id='word_1_58' title='bbox 99 1119 165 1182; x_wconf 91' lang='lat' dir='ltr'>tius</span> <span class='ocrx_word' id='word_1_59' title='bbox 181 1135 279 1200; x_wconf 90' lang='lat' dir='ltr'>quam</span> <span class='ocrx_word' id='word_1_60' title='bbox 294 1117 386 1182; x_wconf 84' lang='lat' dir='ltr'>exitio</span> <span class='ocrx_word' id='word_1_61' title='bbox 402 1117 475 1183; x_wconf 90' lang='lat' dir='ltr'>fore.</span> <span class='ocrx_word' id='word_1_62' title='bbox 497 1117 550 1182; x_wconf 87' lang='lat' dir='ltr'>sed</span> <span class='ocrx_word' id='word_1_63' title='bbox 564 1135 638 1201; x_wconf 86' lang='lat' dir='ltr'>gens</span> <span class='ocrx_word' id='word_1_64' title='bbox 653 1116 817 1194; x_wconf 85' lang='lat' dir='ltr'>indomita,</span> <span class='ocrx_word' id='word_1_65' title='bbox 838 1116 921 1182; x_wconf 83' lang='lat' dir='ltr'>sanis</span> <span class='ocrx_word' id='word_1_66' title='bbox 940 1115 1075 1181; x_wconf 88' lang='lat' dir='ltr'>consiliis</span> <span class='ocrx_word' id='word_1_67' title='bbox 1089 1116 1170 1181; x_wconf 88' lang='lat' dir='ltr'>male</span> <span class='ocrx_word' id='word_1_68' title='bbox 1182 1133 1231 1180; x_wconf 90' lang='lat' dir='ltr'>rc·</span> 
     </span>
     <span class='ocr_line' id='line_1_9' title="bbox 100 1218 1233 1302; baseline -0.002 -17"><span class='ocrx_word' id='word_1_69' title='bbox 100 1221 221 1299; x_wconf 87' lang='lat' dir='ltr'>nitens,</span> <span class='ocrx_word' id='word_1_70' title='bbox 246 1221 279 1285; x_wconf 94' lang='lat' dir='ltr'>in</span> <span class='ocrx_word' id='word_1_71' title='bbox 300 1219 466 1302; x_wconf 89' lang='lat' dir='ltr'>perniciem</span> <span class='ocrx_word' id='word_1_72' title='bbox 480 1237 585 1285; x_wconf 90' lang='lat' dir='ltr'>eornm</span> <span class='ocrx_word' id='word_1_73' title='bbox 599 1219 760 1286; x_wconf 87' lang='lat' dir='ltr'>ferebatur.</span> <span class='ocrx_word' id='word_1_74' title='bbox 777 1219 846 1301; x_wconf 89' lang='lat' dir='ltr'>quis</span> <span class='ocrx_word' id='word_1_75' title='bbox 859 1219 951 1284; x_wconf 90' lang='lat' dir='ltr'>rebus</span> <span class='ocrx_word' id='word_1_76' title='bbox 964 1220 1134 1284; x_wconf 88' lang='lat' dir='ltr'>commotus</span> <span class='ocrx_word' id='word_1_77' title='bbox 1148 1218 1233 1284; x_wconf 85' lang='lat' dir='ltr'>Deus</span> 
     </span>
     <span class='ocr_line' id='line_1_10' title="bbox 100 1321 1232 1405; baseline -0.002 -17"><span class='ocrx_word' id='word_1_78' title='bbox 100 1325 224 1404; x_wconf 86' lang='lat' dir='ltr'>partem</span> <span class='ocrx_word' id='word_1_79' title='bbox 240 1322 346 1405; x_wconf 92' lang='lat' dir='ltr'>populi</span> <span class='ocrx_word' id='word_1_80' title='bbox 364 1323 505 1388; x_wconf 76' lang='lat' dir='ltr'>hostibus</span> <span class='ocrx_word' id='word_1_81' title='bbox 526 1323 707 1388; x_wconf 72' lang='lat' dir='ltr'>medendun</span> <span class='ocrx_word' id='word_1_82' title='bbox 727 1322 854 1400; x_wconf 90' lang='lat' dir='ltr'>obiecit,</span> <span class='ocrx_word' id='word_1_83' title='bbox 876 1321 1116 1404; x_wconf 80' lang='lat' dir='ltr'>exploratoribus</span> <span class='ocrx_word' id='word_1_84' title='bbox 1136 1321 1232 1386; x_wconf 91' lang='lat' dir='ltr'>inter·</span> 
     </span>
     <span class='ocr_line' id='line_1_11' title="bbox 13 1425 572 1514; baseline 0.009 -28"><span class='ocrx_word' id='word_1_85' title='bbox 13 1509 14 1514; x_wconf 8' lang='grc' dir='ltr'>ἵ</span> <span class='ocrx_word' id='word_1_86' title='bbox 71 1425 191 1490; x_wconf 80' lang='lat' dir='ltr'>refectis</span> <span class='ocrx_word' id='word_1_87' title='bbox 207 1425 250 1490; x_wconf 82' lang='lat' dir='ltr'>ao</span> <span class='ocrx_word' id='word_1_88' title='bbox 262 1426 353 1510; x_wconf 83' lang='lat' dir='ltr'>uulgi</span> <span class='ocrx_word' id='word_1_89' title='bbox 367 1425 572 1491; x_wconf 80' lang='lat' dir='ltr'>formidinem.</span> 
     </span>
     <span class='ocr_line' id='line_1_12' title="bbox 12 1526 1280 1672; baseline -0.002 -79"><span class='ocrx_word' id='word_1_90' title='bbox 12 1568 14 1672; x_wconf 50' lang='lat' dir='ltr'>y</span> <span class='ocrx_word' id='word_1_91' title='bbox 145 1527 263 1593; x_wconf 63' lang='lat' dir='ltr'>&amp;cnm</span> <span class='ocrx_word' id='word_1_92' title='bbox 281 1530 330 1592; x_wconf 90' lang='lat' dir='ltr'>est</span> <span class='ocrx_word' id='word_1_93' title='bbox 360 1545 465 1594; x_wconf 85' lang='lat' dir='ltr'>eorum</span> <span class='ocrx_word' id='word_1_94' title='bbox 491 1529 697 1608; x_wconf 89' lang='lat' dir='ltr'>contumacia,</span> <span class='ocrx_word' id='word_1_95' title='bbox 723 1529 778 1611; x_wconf 93' lang='lat' dir='ltr'>qui</span> <span class='ocrx_word' id='word_1_96' title='bbox 802 1545 835 1593; x_wconf 86' lang='lat' dir='ltr'>se</span> <span class='ocrx_word' id='word_1_97' title='bbox 854 1529 978 1593; x_wconf 87' lang='lat' dir='ltr'>Dathan</span> <span class='ocrx_word' id='word_1_98' title='bbox 997 1529 1029 1592; x_wconf 94' lang='lat' dir='ltr'>et</span> <span class='ocrx_word' id='word_1_99' title='bbox 1042 1526 1160 1592; x_wconf 89' lang='lat' dir='ltr'>Abiron</span> <span class='ocrx_word' id='word_1_100' title='bbox 1174 1527 1280 1604; x_wconf 74' lang='lat' dir='ltr'>dun</span> 
     </span>
     <span class='ocr_line' id='line_1_13' title="bbox 12 1629 1233 1716; baseline -0.003 -20"><span class='ocrx_word' id='word_1_101' title='bbox 12 1685 13 1710; x_wconf 57' lang='lat'>,</span> <span class='ocrx_word' id='word_1_102' title='bbox 102 1632 189 1696; x_wconf 90' lang='lat' dir='ltr'>cibus</span> <span class='ocrx_word' id='word_1_103' title='bbox 205 1631 372 1696; x_wconf 88' lang='lat' dir='ltr'>aduersum</span> <span class='ocrx_word' id='word_1_104' title='bbox 383 1632 508 1715; x_wconf 90' lang='lat' dir='ltr'>Moysen</span> <span class='ocrx_word' id='word_1_105' title='bbox 518 1632 550 1696; x_wconf 92' lang='lat' dir='ltr'>et</span> <span class='ocrx_word' id='word_1_106' title='bbox 560 1632 664 1696; x_wconf 87' lang='lat' dir='ltr'>Aaron</span> <span class='ocrx_word' id='word_1_107' title='bbox 675 1631 790 1716; x_wconf 85' lang='lat' dir='ltr'>erigere</span> <span class='ocrx_word' id='word_1_108' title='bbox 804 1631 904 1696; x_wconf 86' lang='lat' dir='ltr'>conati</span> <span class='ocrx_word' id='word_1_109' title='bbox 918 1631 1005 1697; x_wconf 87' lang='lat' dir='ltr'>sunt:</span> <span class='ocrx_word' id='word_1_110' title='bbox 1020 1631 1073 1694; x_wconf 89' lang='lat' dir='ltr'>sed</span> <span class='ocrx_word' id='word_1_111' title='bbox 1083 1648 1134 1694; x_wconf 89' lang='lat' dir='ltr'>eos</span> <span class='ocrx_word' id='word_1_112' title='bbox 1145 1629 1233 1694; x_wconf 90' lang='lat' dir='ltr'>uiuos</span> 
     </span>
     <span class='ocr_line' id='line_1_14' title="bbox 101 1732 1260 1816; baseline -0.003 -18"><span class='ocrx_word' id='word_1_113' title='bbox 101 1734 191 1798; x_wconf 89' lang='lat' dir='ltr'>biatu</span> <span class='ocrx_word' id='word_1_114' title='bbox 206 1752 264 1798; x_wconf 90' lang='lat' dir='ltr'>suo</span> <span class='ocrx_word' id='word_1_115' title='bbox 279 1735 362 1798; x_wconf 89' lang='lat' dir='ltr'>terra</span> <span class='ocrx_word' id='word_1_116' title='bbox 375 1734 542 1799; x_wconf 91' lang='lat' dir='ltr'>obsorbuit.</span> <span class='ocrx_word' id='word_1_117' title='bbox 564 1753 620 1800; x_wconf 87' lang='lat' dir='ltr'>nec</span> <span class='ocrx_word' id='word_1_118' title='bbox 633 1735 733 1800; x_wconf 93' lang='lat' dir='ltr'>multo</span> <span class='ocrx_word' id='word_1_119' title='bbox 747 1736 817 1816; x_wconf 87' lang='lat' dir='ltr'>post</span> <span class='ocrx_word' id='word_1_120' title='bbox 830 1735 926 1799; x_wconf 85' lang='lat' dir='ltr'>totius</span> <span class='ocrx_word' id='word_1_121' title='bbox 941 1734 1046 1816; x_wconf 91' lang='lat' dir='ltr'>populi</span> <span class='ocrx_word' id='word_1_122' title='bbox 1059 1733 1093 1798; x_wconf 93' lang='lat' dir='ltr'>in</span> <span class='ocrx_word' id='word_1_123' title='bbox 1106 1732 1260 1816; x_wconf 80' lang='lat' dir='ltr'>Moysen2</span> 
     </span>
     <span class='ocr_line' id='line_1_15' title="bbox 101 1835 1233 1920; baseline -0.001 -19"><span class='ocrx_word' id='word_1_124' title='bbox 101 1839 132 1901; x_wconf 86' lang='lat' dir='ltr'>et</span> <span class='ocrx_word' id='word_1_125' title='bbox 145 1837 254 1901; x_wconf 84' lang='lat' dir='ltr'>Aaron</span> <span class='ocrx_word' id='word_1_126' title='bbox 276 1837 344 1901; x_wconf 87' lang='lat' dir='ltr'>orte</span> <span class='ocrx_word' id='word_1_127' title='bbox 363 1837 472 1902; x_wconf 87' lang='lat' dir='ltr'>seditio</span> <span class='ocrx_word' id='word_1_128' title='bbox 492 1839 553 1915; x_wconf 88' lang='lat' dir='ltr'>est,</span> <span class='ocrx_word' id='word_1_129' title='bbox 569 1838 643 1902; x_wconf 81' lang='lat' dir='ltr'>adeo</span> <span class='ocrx_word' id='word_1_130' title='bbox 658 1839 695 1902; x_wconf 88' lang='lat' dir='ltr'>ot</span> <span class='ocrx_word' id='word_1_131' title='bbox 707 1838 953 1918; x_wconf 82' lang='lat' dir='ltr'>tabernaculum,</span> <span class='ocrx_word' id='word_1_132' title='bbox 973 1837 1054 1920; x_wconf 84' lang='lat' dir='ltr'>qnod</span> <span class='ocrx_word' id='word_1_133' title='bbox 1069 1838 1134 1901; x_wconf 91' lang='lat' dir='ltr'>erat</span> <span class='ocrx_word' id='word_1_134' title='bbox 1146 1835 1233 1901; x_wconf 82' lang='lat' dir='ltr'>nefas</span> 
     </span>
     <span class='ocr_line' id='line_1_16' title="bbox 73 1939 1233 2023; baseline -0.002 -19"><span class='ocrx_word' id='word_1_135' title='bbox 73 1965 93 2004; x_wconf 79' lang='lat' dir='ltr'>s</span> <span class='ocrx_word' id='word_1_136' title='bbox 101 1940 133 2004; x_wconf 93' lang='lat' dir='ltr'>ni</span> <span class='ocrx_word' id='word_1_137' title='bbox 149 1939 361 2004; x_wconf 86' lang='lat' dir='ltr'>sacerdotibus</span> <span class='ocrx_word' id='word_1_138' title='bbox 375 1941 515 2019; x_wconf 87' lang='lat' dir='ltr'>introire,</span> <span class='ocrx_word' id='word_1_139' title='bbox 536 1941 748 2023; x_wconf 85' lang='lat' dir='ltr'>irrumperent.</span> <span class='ocrx_word' id='word_1_140' title='bbox 771 1943 841 2006; x_wconf 91' lang='lat' dir='ltr'>tum</span> <span class='ocrx_word' id='word_1_141' title='bbox 855 1959 926 2006; x_wconf 89' lang='lat' dir='ltr'>uero</span> <span class='ocrx_word' id='word_1_142' title='bbox 940 1940 1122 2006; x_wconf 85' lang='lat' dir='ltr'>cateruatim</span> <span class='ocrx_word' id='word_1_143' title='bbox 1135 1939 1168 2004; x_wconf 91' lang='lat' dir='ltr'>in</span> <span class='ocrx_word' id='word_1_144' title='bbox 1182 1955 1233 2002; x_wconf 86' lang='lat' dir='ltr'>eos</span> 
     </span>
     <span class='ocr_line' id='line_1_17' title="bbox 103 2043 1233 2127; baseline -0.001 -20"><span class='ocrx_word' id='word_1_145' title='bbox 103 2044 244 2126; x_wconf 79' lang='lat' dir='ltr'>grassata</span> <span class='ocrx_word' id='word_1_146' title='bbox 258 2061 342 2106; x_wconf 91' lang='lat' dir='ltr'>mors</span> <span class='ocrx_word' id='word_1_147' title='bbox 357 2044 418 2107; x_wconf 84' lang='lat' dir='ltr'>est:</span> <span class='ocrx_word' id='word_1_148' title='bbox 433 2044 646 2126; x_wconf 83' lang='lat' dir='ltr'>momentoque</span> <span class='ocrx_word' id='word_1_149' title='bbox 660 2061 765 2108; x_wconf 87' lang='lat' dir='ltr'>omnes</span> <span class='ocrx_word' id='word_1_150' title='bbox 778 2044 962 2122; x_wconf 82' lang='lat' dir='ltr'>interissent,</span> <span class='ocrx_word' id='word_1_151' title='bbox 977 2043 1038 2110; x_wconf 91' lang='lat' dir='ltr'>nisi</span> <span class='ocrx_word' id='word_1_152' title='bbox 1049 2043 1149 2127; x_wconf 86' lang='lat' dir='ltr'>Moysi</span> <span class='ocrx_word' id='word_1_153' title='bbox 1163 2061 1233 2124; x_wconf 92' lang='lat' dir='ltr'>pre·</span> 
     </span>
     <span class='ocr_line' id='line_1_18' title="bbox 103 2145 1232 2227; baseline -0.001 -18"><span class='ocrx_word' id='word_1_154' title='bbox 103 2145 188 2210; x_wconf 89' lang='lat' dir='ltr'>cibus</span> <span class='ocrx_word' id='word_1_155' title='bbox 210 2145 353 2227; x_wconf 86' lang='lat' dir='ltr'>placatus</span> <span class='ocrx_word' id='word_1_156' title='bbox 372 2145 523 2210; x_wconf 88' lang='lat' dir='ltr'>Dominus</span> <span class='ocrx_word' id='word_1_157' title='bbox 544 2146 661 2212; x_wconf 85' lang='lat' dir='ltr'>cladem</span> <span class='ocrx_word' id='word_1_158' title='bbox 679 2147 849 2211; x_wconf 85' lang='lat' dir='ltr'>auertisset.</span> <span class='ocrx_word' id='word_1_159' title='bbox 875 2165 1021 2211; x_wconf 90' lang='lat' dir='ltr'>numerus</span> <span class='ocrx_word' id='word_1_160' title='bbox 1040 2148 1145 2212; x_wconf 90' lang='lat' dir='ltr'>tamen</span> <span class='ocrx_word' id='word_1_161' title='bbox 1163 2163 1232 2227; x_wconf 89' lang='lat' dir='ltr'>per-</span> 
     </span>
     <span class='ocr_line' id='line_1_19' title="bbox 103 2248 1260 2332; baseline 0 -20"><span class='ocrx_word' id='word_1_162' title='bbox 103 2250 282 2330; x_wconf 87' lang='lat' dir='ltr'>emptorum</span> <span class='ocrx_word' id='word_1_163' title='bbox 294 2248 480 2332; x_wconf 85' lang='lat' dir='ltr'>septingenti</span> <span class='ocrx_word' id='word_1_164' title='bbox 494 2250 525 2314; x_wconf 91' lang='lat' dir='ltr'>et</span> <span class='ocrx_word' id='word_1_165' title='bbox 539 2267 618 2314; x_wconf 80' lang='lat' dir='ltr'>xum</span> <span class='ocrx_word' id='word_1_166' title='bbox 632 2249 722 2314; x_wconf 90' lang='lat' dir='ltr'>milia</span> <span class='ocrx_word' id='word_1_167' title='bbox 735 2249 806 2314; x_wconf 87' lang='lat' dir='ltr'>fuit.</span> <span class='ocrx_word' id='word_1_168' title='bbox 821 2267 877 2315; x_wconf 88' lang='lat' dir='ltr'>nec</span> <span class='ocrx_word' id='word_1_169' title='bbox 890 2249 990 2314; x_wconf 90' lang='lat' dir='ltr'>multo</span> <span class='ocrx_word' id='word_1_170' title='bbox 999 2250 1070 2330; x_wconf 82' lang='lat' dir='ltr'>post</span> <span class='ocrx_word' id='word_1_171' title='bbox 1083 2249 1122 2313; x_wconf 93' lang='lat' dir='ltr'>ob</span> <span class='ocrx_word' id='word_1_172' title='bbox 1136 2265 1260 2330; x_wconf 77' lang='lat' dir='ltr'>aquace</span> 
     </span>
     <span class='ocr_line' id='line_1_20' title="bbox 102 2351 1233 2434; baseline -0.002 -18"><span class='ocrx_word' id='word_1_173' title='bbox 102 2351 281 2433; x_wconf 84' lang='lat' dir='ltr'>penuriam,</span> <span class='ocrx_word' id='word_1_174' title='bbox 296 2352 333 2415; x_wconf 92' lang='lat' dir='ltr'>ut</span> <span class='ocrx_word' id='word_1_175' title='bbox 346 2352 410 2416; x_wconf 89' lang='lat' dir='ltr'>iam</span> <span class='ocrx_word' id='word_1_176' title='bbox 431 2351 564 2434; x_wconf 65' lang='lat' dir='ltr'>saepius</span> <span class='ocrx_word' id='word_1_177' title='bbox 584 2352 690 2434; x_wconf 90' lang='lat' dir='ltr'>populi</span> <span class='ocrx_word' id='word_1_178' title='bbox 711 2353 814 2416; x_wconf 84' lang='lat' dir='ltr'>exorta</span> <span class='ocrx_word' id='word_1_179' title='bbox 833 2352 943 2416; x_wconf 89' lang='lat' dir='ltr'>seditio</span> <span class='ocrx_word' id='word_1_180' title='bbox 958 2353 1013 2416; x_wconf 91' lang='lat' dir='ltr'>est.</span> <span class='ocrx_word' id='word_1_181' title='bbox 1029 2353 1099 2415; x_wconf 91' lang='lat' dir='ltr'>tum</span> <span class='ocrx_word' id='word_1_182' title='bbox 1112 2351 1233 2433; x_wconf 85' lang='lat' dir='ltr'>Moyses</span> 
     </span>
     <span class='ocr_line' id='line_1_21' title="bbox 73 2453 1301 2540; baseline -0.002 -21"><span class='ocrx_word' id='word_1_183' title='bbox 73 2473 120 2519; x_wconf 80' lang='lat' dir='ltr'>aa</span> <span class='ocrx_word' id='word_1_184' title='bbox 133 2455 200 2519; x_wconf 88' lang='lat' dir='ltr'>Deo</span> <span class='ocrx_word' id='word_1_185' title='bbox 216 2454 366 2532; x_wconf 90' lang='lat' dir='ltr'>monitos,</span> <span class='ocrx_word' id='word_1_186' title='bbox 381 2455 417 2518; x_wconf 94' lang='lat' dir='ltr'>ut</span> <span class='ocrx_word' id='word_1_187' title='bbox 430 2455 549 2536; x_wconf 91' lang='lat' dir='ltr'>petram</span> <span class='ocrx_word' id='word_1_188' title='bbox 564 2455 653 2540; x_wconf 84' lang='lat' dir='ltr'>uirga</span> <span class='ocrx_word' id='word_1_189' title='bbox 663 2455 778 2534; x_wconf 88' lang='lat' dir='ltr'>feriret,</span> <span class='ocrx_word' id='word_1_190' title='bbox 789 2454 937 2520; x_wconf 81' lang='lat' dir='ltr'>familiari</span> <span class='ocrx_word' id='word_1_191' title='bbox 948 2454 1009 2518; x_wconf 88' lang='lat' dir='ltr'>sibi</span> <span class='ocrx_word' id='word_1_192' title='bbox 1018 2453 1233 2536; x_wconf 79' lang='lat' dir='ltr'>experimento,</span> <span class='ocrx_word' id='word_1_193' title='bbox 1292 2465 1301 2485; x_wconf 68' lang='lat'>⁸</span> 
     </span>
     <span class='ocr_line' id='line_1_22' title="bbox 104 2557 1234 2642; baseline 0.001 -22"><span class='ocrx_word' id='word_1_194' title='bbox 104 2557 263 2639; x_wconf 85' lang='lat' dir='ltr'>siquidem</span> <span class='ocrx_word' id='word_1_195' title='bbox 277 2557 310 2620; x_wconf 89' lang='lat' dir='ltr'>id</span> <span class='ocrx_word' id='word_1_196' title='bbox 325 2557 389 2622; x_wconf 89' lang='lat' dir='ltr'>iam</span> <span class='ocrx_word' id='word_1_197' title='bbox 403 2558 474 2623; x_wconf 90' lang='lat' dir='ltr'>ante</span> <span class='ocrx_word' id='word_1_198' title='bbox 488 2557 619 2637; x_wconf 88' lang='lat' dir='ltr'>fecisset,</span> <span class='ocrx_word' id='word_1_199' title='bbox 635 2559 729 2623; x_wconf 91' lang='lat' dir='ltr'>semel</span> <span class='ocrx_word' id='word_1_200' title='bbox 743 2560 836 2642; x_wconf 85' lang='lat' dir='ltr'>atque</span> <span class='ocrx_word' id='word_1_201' title='bbox 848 2559 964 2623; x_wconf 85' lang='lat' dir='ltr'>iterum</span> <span class='ocrx_word' id='word_1_202' title='bbox 977 2558 1097 2639; x_wconf 89' lang='lat' dir='ltr'>petram</span> <span class='ocrx_word' id='word_1_203' title='bbox 1109 2573 1234 2640; x_wconf 86' lang='lat' dir='ltr'>pereus-</span> 
     </span>
     <span class='ocr_line' id='line_1_23' title="bbox 102 2659 1234 2745; baseline 0 -21"><span class='ocrx_word' id='word_1_204' title='bbox 102 2661 158 2738; x_wconf 89' lang='lat' dir='ltr'>sit,</span> <span class='ocrx_word' id='word_1_205' title='bbox 180 2661 278 2742; x_wconf 81' lang='lat' dir='ltr'>atque</span> <span class='ocrx_word' id='word_1_206' title='bbox 297 2660 343 2724; x_wconf 86' lang='lat' dir='ltr'>ite</span> <span class='ocrx_word' id='word_1_207' title='bbox 362 2679 441 2743; x_wconf 85' lang='lat' dir='ltr'>aqua</span> <span class='ocrx_word' id='word_1_208' title='bbox 455 2659 582 2726; x_wconf 86' lang='lat' dir='ltr'>effluxit.</span> <span class='ocrx_word' id='word_1_209' title='bbox 603 2662 636 2726; x_wconf 92' lang='lat' dir='ltr'>in</span> <span class='ocrx_word' id='word_1_210' title='bbox 651 2679 710 2744; x_wconf 87' lang='lat' dir='ltr'>quo</span> <span class='ocrx_word' id='word_1_211' title='bbox 725 2661 850 2745; x_wconf 89' lang='lat' dir='ltr'>quidem</span> <span class='ocrx_word' id='word_1_212' title='bbox 864 2662 988 2727; x_wconf 89' lang='lat' dir='ltr'>notatus</span> <span class='ocrx_word' id='word_1_213' title='bbox 1001 2680 1021 2726; x_wconf 89' lang='lat' dir='ltr'>a</span> <span class='ocrx_word' id='word_1_214' title='bbox 1034 2661 1099 2725; x_wconf 90' lang='lat' dir='ltr'>Deo</span> <span class='ocrx_word' id='word_1_215' title='bbox 1112 2661 1234 2744; x_wconf 86' lang='lat' dir='ltr'>Moyses</span> 
     </span>
     <span class='ocr_line' id='line_1_24' title="bbox 102 2762 1235 2848; baseline 0.001 -21"><span class='ocrx_word' id='word_1_216' title='bbox 102 2762 252 2841; x_wconf 87' lang='lat' dir='ltr'>refertur,</span> <span class='ocrx_word' id='word_1_217' title='bbox 276 2763 357 2844; x_wconf 89' lang='lat' dir='ltr'>quod</span> <span class='ocrx_word' id='word_1_218' title='bbox 377 2781 431 2845; x_wconf 91' lang='lat' dir='ltr'>per</span> <span class='ocrx_word' id='word_1_219' title='bbox 451 2763 656 2830; x_wconf 85' lang='lat' dir='ltr'>diffidentiam</span> <span class='ocrx_word' id='word_1_220' title='bbox 675 2783 736 2830; x_wconf 92' lang='lat' dir='ltr'>non</span> <span class='ocrx_word' id='word_1_221' title='bbox 754 2766 815 2830; x_wconf 88' lang='lat' dir='ltr'>nisi</span> <span class='ocrx_word' id='word_1_222' title='bbox 830 2765 940 2830; x_wconf 88' lang='lat' dir='ltr'>iterato</span> <span class='ocrx_word' id='word_1_223' title='bbox 953 2765 1020 2829; x_wconf 82' lang='lat' dir='ltr'>ictu</span> <span class='ocrx_word' id='word_1_224' title='bbox 1033 2783 1145 2848; x_wconf 85' lang='lat' dir='ltr'>aquam</span> <span class='ocrx_word' id='word_1_225' title='bbox 1158 2764 1235 2829; x_wconf 75' lang='lat' dir='ltr'>erin·</span> 
     </span>
     <span class='ocr_line' id='line_1_25' title="bbox 103 2866 1235 2950; baseline 0.002 -21"><span class='ocrx_word' id='word_1_226' title='bbox 103 2867 198 2932; x_wconf 79' lang='lat' dir='ltr'>serit:</span> <span class='ocrx_word' id='word_1_227' title='bbox 222 2866 354 2948; x_wconf 85' lang='lat' dir='ltr'>denique</span> <span class='ocrx_word' id='word_1_228' title='bbox 376 2867 413 2930; x_wconf 91' lang='lat' dir='ltr'>ob</span> <span class='ocrx_word' id='word_1_229' title='bbox 436 2866 492 2932; x_wconf 91' lang='lat' dir='ltr'>hoc</span> <span class='ocrx_word' id='word_1_230' title='bbox 513 2868 672 2949; x_wconf 89' lang='lat' dir='ltr'>peccatum</span> <span class='ocrx_word' id='word_1_231' title='bbox 693 2869 876 2950; x_wconf 88' lang='lat' dir='ltr'>promissam</span> <span class='ocrx_word' id='word_1_232' title='bbox 897 2868 959 2933; x_wconf 92' lang='lat' dir='ltr'>sibi</span> <span class='ocrx_word' id='word_1_233' title='bbox 977 2868 1092 2934; x_wconf 90' lang='lat' dir='ltr'>terram</span> <span class='ocrx_word' id='word_1_234' title='bbox 1111 2886 1171 2933; x_wconf 91' lang='lat' dir='ltr'>non</span> <span class='ocrx_word' id='word_1_235' title='bbox 1185 2867 1235 2931; x_wconf 87' lang='lat' dir='ltr'>in-</span> 
     </span>
     <span class='ocr_line' id='line_1_26' title="bbox 73 2967 1263 3056; baseline 0.003 -22"><span class='ocrx_word' id='word_1_236' title='bbox 73 2995 94 3034; x_wconf 76' lang='lat' dir='ltr'>e</span> <span class='ocrx_word' id='word_1_237' title='bbox 104 2987 229 3052; x_wconf 87' lang='lat' dir='ltr'>gressus</span> <span class='ocrx_word' id='word_1_238' title='bbox 245 2970 302 3049; x_wconf 88' lang='lat' dir='ltr'>est,</span> <span class='ocrx_word' id='word_1_239' title='bbox 318 2969 398 3034; x_wconf 92' lang='lat' dir='ltr'>sicut</span> <span class='ocrx_word' id='word_1_240' title='bbox 412 2967 540 3034; x_wconf 87' lang='lat' dir='ltr'>inferius</span> <span class='ocrx_word' id='word_1_241' title='bbox 555 2971 723 3036; x_wconf 81' lang='lat' dir='ltr'>ostendam,</span> <span class='ocrx_word' id='word_1_242' title='bbox 738 2971 837 3056; x_wconf 86' lang='lat' dir='ltr'>igitur</span> <span class='ocrx_word' id='word_1_243' title='bbox 850 2971 972 3055; x_wconf 90' lang='lat' dir='ltr'>Moyses</span> <span class='ocrx_word' id='word_1_244' title='bbox 985 2989 1022 3034; x_wconf 84' lang='lat' dir='ltr'>ex</span> <span class='ocrx_word' id='word_1_245' title='bbox 1035 2989 1070 3036; x_wconf 92' lang='lat' dir='ltr'>eo</span> <span class='ocrx_word' id='word_1_246' title='bbox 1084 2971 1150 3035; x_wconf 89' lang='lat' dir='ltr'>loco</span> <span class='ocrx_word' id='word_1_247' title='bbox 1163 2982 1263 3051; x_wconf 86' lang='lat' dir='ltr'>pro-4</span> 
     </span>
     <span class='ocr_line' id='line_1_27' title="bbox 103 3072 1236 3158; baseline 0.001 -22"><span class='ocrx_word' id='word_1_248' title='bbox 103 3090 249 3150; x_wconf 89' lang='lat' dir='ltr'>mouens,</span> <span class='ocrx_word' id='word_1_249' title='bbox 270 3089 342 3136; x_wconf 89' lang='lat' dir='ltr'>cum</span> <span class='ocrx_word' id='word_1_250' title='bbox 361 3073 481 3154; x_wconf 89' lang='lat' dir='ltr'>praeter</span> <span class='ocrx_word' id='word_1_251' title='bbox 493 3072 593 3137; x_wconf 81' lang='lat' dir='ltr'>Edem</span> <span class='ocrx_word' id='word_1_252' title='bbox 607 3091 719 3158; x_wconf 83' lang='lat' dir='ltr'>agmen</span> <span class='ocrx_word' id='word_1_253' title='bbox 733 3074 842 3138; x_wconf 84' lang='lat' dir='ltr'>ducere</span> <span class='ocrx_word' id='word_1_254' title='bbox 855 3075 990 3155; x_wconf 82' lang='lat' dir='ltr'>pararet,</span> <span class='ocrx_word' id='word_1_255' title='bbox 1015 3074 1120 3138; x_wconf 76' lang='lat' dir='ltr'>minis</span> <span class='ocrx_word' id='word_1_256' title='bbox 1133 3072 1172 3137; x_wconf 78' lang='lat' dir='ltr'>aci</span> <span class='ocrx_word' id='word_1_257' title='bbox 1186 3092 1236 3137; x_wconf 89' lang='lat' dir='ltr'>re-</span> 
     </span>
     <span class='ocr_line' id='line_1_28' title="bbox 105 3174 1236 3260; baseline -0.001 -20"><span class='ocrx_word' id='word_1_258' title='bbox 105 3193 175 3258; x_wconf 83' lang='lat' dir='ltr'>gem</span> <span class='ocrx_word' id='word_1_259' title='bbox 189 3174 304 3260; x_wconf 85' lang='lat' dir='ltr'>legatis</span> <span class='ocrx_word' id='word_1_260' title='bbox 317 3176 494 3240; x_wconf 87' lang='lat' dir='ltr'>transeundi</span> <span class='ocrx_word' id='word_1_261' title='bbox 505 3176 625 3258; x_wconf 89' lang='lat' dir='ltr'>copiam</span> <span class='ocrx_word' id='word_1_262' title='bbox 634 3177 781 3258; x_wconf 78' lang='lat' dir='ltr'>poposcit,</span> <span class='ocrx_word' id='word_1_263' title='bbox 793 3177 831 3241; x_wconf 91' lang='lat' dir='ltr'>ob</span> <span class='ocrx_word' id='word_1_264' title='bbox 842 3177 892 3240; x_wconf 88' lang='lat' dir='ltr'>ius</span> <span class='ocrx_word' id='word_1_265' title='bbox 902 3176 1060 3260; x_wconf 81' lang='lat' dir='ltr'>sanguinis</span> <span class='ocrx_word' id='word_1_266' title='bbox 1070 3175 1151 3241; x_wconf 88' lang='lat' dir='ltr'>bello</span> <span class='ocrx_word' id='word_1_267' title='bbox 1165 3175 1236 3240; x_wconf 91' lang='lat' dir='ltr'>abs-</span> 
     </span>
     <span class='ocr_line' id='line_1_29' title="bbox 105 3278 1236 3364; baseline 0 -22"><span class='ocrx_word' id='word_1_268' title='bbox 105 3278 268 3343; x_wconf 91' lang='lat' dir='ltr'>tinendum</span> <span class='ocrx_word' id='word_1_269' title='bbox 294 3280 394 3343; x_wconf 88' lang='lat' dir='ltr'>ratus:</span> <span class='ocrx_word' id='word_1_270' title='bbox 423 3279 536 3344; x_wconf 88' lang='lat' dir='ltr'>etenim</span> <span class='ocrx_word' id='word_1_271' title='bbox 564 3297 638 3363; x_wconf 83' lang='lat' dir='ltr'>gens</span> <span class='ocrx_word' id='word_1_272' title='bbox 665 3279 721 3344; x_wconf 88' lang='lat' dir='ltr'>ilia</span> <span class='ocrx_word' id='word_1_273' title='bbox 741 3281 823 3344; x_wconf 82' lang='lat' dir='ltr'>Esau</span> <span class='ocrx_word' id='word_1_274' title='bbox 845 3280 1001 3364; x_wconf 86' lang='lat' dir='ltr'>progenies</span> <span class='ocrx_word' id='word_1_275' title='bbox 1023 3281 1096 3344; x_wconf 87' lang='lat' dir='ltr'>erat.</span> <span class='ocrx_word' id='word_1_276' title='bbox 1118 3279 1171 3344; x_wconf 86' lang='lat' dir='ltr'>sed</span> <span class='ocrx_word' id='word_1_277' title='bbox 1184 3297 1236 3343; x_wconf 84' lang='lat' dir='ltr'>rex</span> 
     </span>
     <span class='ocr_line' id='line_1_30' title="bbox 106 3381 1236 3466; baseline 0 -21"><span class='ocrx_word' id='word_1_278' title='bbox 106 3381 258 3463; x_wconf 88' lang='lat' dir='ltr'>supplices</span> <span class='ocrx_word' id='word_1_279' title='bbox 273 3382 449 3463; x_wconf 86' lang='lat' dir='ltr'>espematus</span> <span class='ocrx_word' id='word_1_280' title='bbox 463 3382 629 3448; x_wconf 87' lang='lat' dir='ltr'>transitum</span> <span class='ocrx_word' id='word_1_281' title='bbox 643 3382 780 3466; x_wconf 82' lang='lat' dir='ltr'>negauit,</span> <span class='ocrx_word' id='word_1_282' title='bbox 794 3384 919 3464; x_wconf 91' lang='lat' dir='ltr'>paratus</span> <span class='ocrx_word' id='word_1_283' title='bbox 933 3383 1027 3447; x_wconf 89' lang='lat' dir='ltr'>armis</span> <span class='ocrx_word' id='word_1_284' title='bbox 1047 3382 1236 3448; x_wconf 86' lang='lat' dir='ltr'>contendere.</span> 
     </span>
    </p>
   </div>
   <div class='ocr_carea' id='block_1_3' title="bbox 210 3601 697 3673">
    <p class='ocr_par' dir='ltr' id='par_1_3' title="bbox 210 3601 697 3673">
     <span class='ocr_line' id='line_1_31' title="bbox 210 3601 697 3673; baseline -0.004 -15"><span class='ocrx_word' id='word_1_285' title='bbox 210 3601 247 3659; x_wconf 90' lang='lat'>11</span> <span class='ocrx_word' id='word_1_286' title='bbox 265 3603 344 3656; x_wconf 85' lang='lat' dir='ltr'>Num.</span> <span class='ocrx_word' id='word_1_287' title='bbox 365 3602 402 3661; x_wconf 90' lang='grc'>16</span> <span class='ocrx_word' id='word_1_288' title='bbox 422 3620 459 3673; x_wconf 88' lang='lat' dir='ltr'>sq.</span> <span class='ocrx_word' id='word_1_289' title='bbox 498 3603 535 3660; x_wconf 91' lang='lat'>13</span> <span class='ocrx_word' id='word_1_290' title='bbox 553 3603 631 3657; x_wconf 89' lang='lat' dir='ltr'>Num.</span> <span class='ocrx_word' id='word_1_291' title='bbox 651 3602 697 3660; x_wconf 90' lang='grc'>20.</span> 
     </span>
    </p>
   </div>
   <div class='ocr_carea' id='block_1_4' title="bbox 106 3807 1238 4383">
    <p class='ocr_par' dir='ltr' id='par_1_4' title="bbox 106 3807 1238 4383">
     <span class='ocr_line' id='line_1_32' title="bbox 159 3807 1238 3879; baseline -0.002 -16"><span class='ocrx_word' id='word_1_292' title='bbox 159 3807 326 3876; x_wconf 86' lang='lat' dir='ltr'>lspretob:</span> <span class='ocrx_word' id='word_1_293' title='bbox 352 3809 474 3877; x_wconf 77' lang='lat' dir='ltr'>elptoP</span> <span class='ocrx_word' id='word_1_294' title='bbox 537 3807 673 3864; x_wconf 79' lang='lat' dir='ltr'>2Tuncb</span> <span class='ocrx_word' id='word_1_295' title='bbox 736 3809 1238 3879; x_wconf 73' lang='lat' dir='ltr'>buntPunibilPttreperisseb</span> 
     </span>
     <span class='ocr_line' id='line_1_33' title="bbox 157 3892 1235 3963; baseline -0.002 -13"><span class='ocrx_word' id='word_1_296' title='bbox 157 3892 177 3950; x_wconf 84' lang='lat'>8</span> <span class='ocrx_word' id='word_1_297' title='bbox 189 3893 219 3946; x_wconf 92' lang='lat' dir='ltr'>in</span> <span class='ocrx_word' id='word_1_298' title='bbox 227 3893 371 3962; x_wconf 87' lang='lat' dir='ltr'>perniciem</span> <span class='ocrx_word' id='word_1_299' title='bbox 382 3909 457 3947; x_wconf 88' lang='lat' dir='ltr'>suam</span> <span class='ocrx_word' id='word_1_300' title='bbox 468 3894 592 3948; x_wconf 74' lang='lat' dir='ltr'>Dmciac</span> <span class='ocrx_word' id='word_1_301' title='bbox 602 3901 627 3949; x_wconf 82' lang='lat' dir='ltr'>et</span> <span class='ocrx_word' id='word_1_302' title='bbox 636 3893 778 3963; x_wconf 78' lang='lat' dir='ltr'>chrato;</span> <span class='ocrx_word' id='word_1_303' title='bbox 791 3901 821 3948; x_wconf 83' lang='lat' dir='ltr'>at</span> <span class='ocrx_word' id='word_1_304' title='bbox 832 3897 954 3963; x_wconf 80' lang='lat' dir='ltr'>refertur</span> <span class='ocrx_word' id='word_1_305' title='bbox 963 3913 1052 3951; x_wconf 90' lang='lat' dir='ltr'>eorum</span> <span class='ocrx_word' id='word_1_306' title='bbox 1061 3895 1197 3949; x_wconf 76' lang='lat' dir='ltr'>adJecam</span> <span class='ocrx_word' id='word_1_307' title='bbox 1208 3901 1235 3949; x_wconf 85' lang='lat' dir='ltr'>ct</span> 
     </span>
     <span class='ocr_line' id='line_1_34' title="bbox 111 3979 1234 4048; baseline 0 -13"><span class='ocrx_word' id='word_1_308' title='bbox 111 3979 266 4047; x_wconf 69' lang='lat' dir='ltr'>Maletum,</span> <span class='ocrx_word' id='word_1_309' title='bbox 279 3997 305 4032; x_wconf 82' lang='lat' dir='ltr'>a.</span> <span class='ocrx_word' id='word_1_310' title='bbox 319 3979 503 4048; x_wconf 73' lang='lat' dir='ltr'>Num.14,10</span> <span class='ocrx_word' id='word_1_311' title='bbox 522 3982 534 4048; x_wconf 84' lang='grc' dir='ltr'>ΙΙ</span> <span class='ocrx_word' id='word_1_312' title='bbox 555 3980 629 4048; x_wconf 87' lang='lat' dir='ltr'>queis</span> <span class='ocrx_word' id='word_1_313' title='bbox 648 3979 882 4036; x_wconf 82' lang='lat' dir='ltr'>rebuscommotus</span> <span class='ocrx_word' id='word_1_314' title='bbox 891 3983 1046 4037; x_wconf 89' lang='lat' dir='ltr'>Dominusb</span> <span class='ocrx_word' id='word_1_315' title='bbox 1092 3983 1109 4039; x_wconf 89' lang='grc'><strong>9</strong></span> <span class='ocrx_word' id='word_1_316' title='bbox 1127 3981 1234 4036; x_wconf 86' lang='lat' dir='ltr'>obiecit</span> 
     </span>
     <span class='ocr_line' id='line_1_35' title="bbox 106 4063 1238 4134; baseline 0.004 -16"><span class='ocrx_word' id='word_1_317' title='bbox 106 4063 325 4134; x_wconf 79' lang='lat' dir='ltr'>Exploratoribus</span> <span class='ocrx_word' id='word_1_318' title='bbox 345 4066 361 4118; x_wconf 89' lang='lat' dir='ltr'>b</span> <span class='ocrx_word' id='word_1_319' title='bbox 381 4072 408 4119; x_wconf 84' lang='lat' dir='ltr'>ct</span> <span class='ocrx_word' id='word_1_320' title='bbox 428 4065 487 4120; x_wconf 81' lang='lat' dir='ltr'>cdd.</span> <span class='ocrx_word' id='word_1_321' title='bbox 497 4067 621 4134; x_wconf 79' lang='lat' dir='ltr'>priorcc;</span> <span class='ocrx_word' id='word_1_322' title='bbox 639 4066 785 4120; x_wconf 76' lang='lat' dir='ltr'>uerborum</span> <span class='ocrx_word' id='word_1_323' title='bbox 805 4068 1007 4124; x_wconf 73' lang='lat' dir='ltr'>distinctionem</span> <span class='ocrx_word' id='word_1_324' title='bbox 1028 4068 1183 4122; x_wconf 67' lang='lat' dir='ltr'>mactarit</span> <span class='ocrx_word' id='word_1_325' title='bbox 1200 4067 1238 4122; x_wconf 77' lang='lat' dir='ltr'>dc</span> 
     </span>
     <span class='ocr_line' id='line_1_36' title="bbox 108 4151 1234 4220; baseline 0.005 -16"><span class='ocrx_word' id='word_1_326' title='bbox 108 4151 196 4204; x_wconf 79' lang='lat' dir='ltr'>Proto</span> <span class='ocrx_word' id='word_1_327' title='bbox 246 4151 280 4207; x_wconf 83' lang='lat'>11</span> <span class='ocrx_word' id='word_1_328' title='bbox 294 4151 458 4205; x_wconf 89' lang='lat' dir='ltr'>contumatia</span> <span class='ocrx_word' id='word_1_329' title='bbox 467 4152 494 4205; x_wconf 92' lang='lat' dir='ltr'><strong><em>P</em></strong></span> <span class='ocrx_word' id='word_1_330' title='bbox 509 4154 521 4220; x_wconf 76' lang='lat' dir='ltr'>tl</span> <span class='ocrx_word' id='word_1_331' title='bbox 537 4151 645 4207; x_wconf 87' lang='lat' dir='ltr'>Abirom</span> <span class='ocrx_word' id='word_1_332' title='bbox 655 4151 779 4207; x_wconf 77' lang='lat' dir='ltr'>Drcaee&#39;rcc</span> <span class='ocrx_word' id='word_1_333' title='bbox 826 4155 863 4212; x_wconf 88' lang='grc'>13</span> <span class='ocrx_word' id='word_1_334' title='bbox 873 4155 1009 4209; x_wconf 89' lang='lat' dir='ltr'>obsorbuit</span> <span class='ocrx_word' id='word_1_335' title='bbox 1018 4155 1058 4207; x_wconf 88' lang='lat' dir='ltr'>P:</span> <span class='ocrx_word' id='word_1_336' title='bbox 1070 4153 1234 4210; x_wconf 85' lang='lat' dir='ltr'>absorbuitt</span> 
     </span>
     <span class='ocr_line' id='line_1_37' title="bbox 160 4226 1234 4297; baseline 0.003 -5"><span class='ocrx_word' id='word_1_337' title='bbox 160 4237 198 4294; x_wconf 85' lang='lat'>15</span> <span class='ocrx_word' id='word_1_338' title='bbox 211 4235 382 4292; x_wconf 64' lang='lat' dir='ltr'>nimmia</span> <span class='ocrx_word' id='word_1_339' title='bbox 427 4226 798 4296; x_wconf 77' lang='lat' dir='ltr'>re.1›cc.ee.i1·11·1.murar&gt;</span> <span class='ocrx_word' id='word_1_340' title='bbox 842 4240 878 4297; x_wconf 82' lang='lat'>19</span> <span class='ocrx_word' id='word_1_341' title='bbox 890 4239 1234 4295; x_wconf 72' lang='lat' dir='ltr'>runcuusesaoomuoo</span> 
     </span>
     <span class='ocr_line' id='line_1_38' title="bbox 160 4320 1234 4383; baseline 0.004 -6"><span class='ocrx_word' id='word_1_342' title='bbox 160 4320 200 4377; x_wconf 90' lang='grc'>20</span> <span class='ocrx_word' id='word_1_343' title='bbox 217 4321 349 4378; x_wconf 82' lang='lat' dir='ltr'>familiare</span> <span class='ocrx_word' id='word_1_344' title='bbox 362 4325 389 4378; x_wconf 94' lang='lat' dir='ltr'><strong><em>P</em></strong></span> <span class='ocrx_word' id='word_1_345' title='bbox 440 4326 478 4382; x_wconf 89' lang='grc'>22</span> <span class='ocrx_word' id='word_1_346' title='bbox 500 4342 515 4380; x_wconf 87' lang='lat' dir='ltr'>a</span> <span class='ocrx_word' id='word_1_347' title='bbox 534 4325 684 4381; x_wconf 83' lang='lat' dir='ltr'>Dominob</span> <span class='ocrx_word' id='word_1_348' title='bbox 744 4327 783 4383; x_wconf 89' lang='grc'>26</span> <span class='ocrx_word' id='word_1_349' title='bbox 799 4326 1052 4380; x_wconf 81' lang='lat' dir='ltr'>ducerechrato:</span> <span class='ocrx_word' id='word_1_350' title='bbox 1071 4328 1179 4380; x_wconf 86' lang='lat' dir='ltr'>educere</span> <span class='ocrx_word' id='word_1_351' title='bbox 1192 4327 1234 4381; x_wconf 84' lang='lat' dir='ltr'>Pb</span> 
     </span>
    </p>
   </div>
   <div class='ocr_carea' id='block_1_5' title="bbox 0 0 1530 4984">
    <p class='ocr_par' dir='ltr' id='par_1_5' title="bbox 0 0 1530 4984">
     <span class='ocr_line' id='line_1_39' title="bbox 0 0 1530 4984; baseline 0 2"><span class='ocrx_word' id='word_1_352' title='bbox 0 0 1530 4984; x_wconf 95' lang='lat' dir='ltr'> </span> 
     </span>
    </p>
   </div>
  </div>
 </body>
</html>
