3050 4984
300 402 342 467 96
512 362 518 373 ’
720 400 1028 455 resarcinantes

299 573 402 619 norcra
416 555 613 640 integerrimi
628 575 664 622 ac
676 555 912 639 prudentissimi
926 556 1061 621 hominis
1082 556 1286 621 coustitutum
1300 559 1424 622 conten-

270 658 379 723 4tiosa
393 659 541 741 hodieque
556 659 752 724 animositate
768 660 911 724 custodit.
928 660 983 724 sed
997 661 1029 724 et
1043 659 1076 723 in
1088 660 1156 743 ipso
1168 659 1333 725 simulacro
1344 659 1425 724 sicat

300 761 333 826 in
347 762 450 826 cairus
466 782 501 826 ex
516 762 647 827 assiduis
662 762 820 828 sacrificiis
834 762 989 827 immundi
1000 762 1184 827 daemonum
1195 761 1324 843 spiritus
1335 762 1425 826 colli·

299 866 429 949 guntur:
451 865 531 929 nihil
546 867 628 931 enim
643 867 805 948 operantur
818 866 966 931 aestimas
981 867 1013 930 et
1027 886 1117 933 cruor
1137 885 1172 931 ex
1193 866 1315 932 assidua
1332 883 1426 947 pecu·

298 968 375 1031 dum
397 968 487 1033 caede
509 968 651 1050 profusus
671 970 732 1035 nisi
754 970 791 1033 ut
815 970 997 1035 daemonum
1020 969 1210 1048 substantia,
1234 969 1290 1051 qui
1303 968 1426 1033 diaboli
1449 992 1462 1032 s

298 1072 504 1149 procreatione
519 1073 717 1156 generantur,
732 1091 768 1137 ex
782 1073 843 1137 isto
858 1073 1007 1157 sanguine
1019 1073 1190 1137 nutriatur.
1205 1091 1279 1137 nam
1288 1072 1350 1137 ista
1361 1090 1427 1135 esse

298 1173 497 1257 Porphyrius,
513 1175 655 1241 defensor
666 1176 915 1255 simulacrorum,
927 1176 1026 1241 hostis
1038 1177 1098 1255 dei,
1113 1176 1256 1241 ueritatis
1267 1175 1427 1254 inimicas,

187 1304 235 1347 ra.
244 1302 290 1344 ise.
299 1276 516 1341 sceleratarum
530 1278 646 1343 artium
660 1279 818 1362 magister,
832 1278 1006 1345 manifestis
1016 1280 1104 1344 nobis
1114 1278 1344 1361 probationibus
1355 1296 1428 1360 pro-

299 1379 390 1446 didit.
414 1380 447 1445 in
467 1380 556 1446 libris
577 1382 674 1461 enim,
698 1401 774 1464 quos
802 1383 939 1465 appellet
963 1381 1039 1470 περὶ
1059 1383 1117 1470 τῆς
1136 1380 1172 1448 ἐκ
1196 1378 1311 1467 λογίων
1332 1382 1428 1467 φιλο-

299 1478 432 1568 σοφίας,
455 1484 650 1549 maiestatem
666 1484 732 1549 eius
746 1485 925 1567 praedicans
940 1485 978 1549 de
992 1485 1175 1550 infirmitate
1196 1483 1351 1550 confessus
1367 1486 1426 1550 est.
1437 1508 1464 1546 ιο

299 1586 332 1651 in
346 1587 455 1669 primis
472 1587 555 1652 enim
568 1588 719 1652 librorum
734 1588 890 1671 partibus,
912 1589 946 1653 id
966 1589 1014 1655 est
1032 1589 1066 1653 in
1084 1589 1161 1671 ipsis
1181 1588 1427 1671 auspiciis†po-

300 1690 380 1754 situs
393 1689 486 1754 dixit:
515 1690 635 1772 Serapis
660 1694 788 1756 uocatus
814 1692 846 1756 et
871 1692 955 1756 intra
980 1709 1088 1775 corpus
1124 1692 1258 1756 hominis
1287 1690 1429 1756 conlatus

270 1793 377 1883 otalia
397 1794 562 1876 respondit.
590 1793 696 1859 dicant
721 1813 803 1859 nunc
822 1794 902 1859 mihi
923 1794 1038 1879 perditi
1058 1794 1212 1859 homines:
1236 1794 1305 1876 quis
1324 1794 1428 1876 potior

300 1898 363 1974 est,
386 1897 439 1978 qui
454 1898 546 1961 uocat
561 1898 592 1961 et
605 1898 738 1979 imperat
753 1899 784 1963 et
798 1898 947 1977 includit,
970 1917 1009 1963 an
1023 1899 1077 1980 qui
1092 1899 1219 1963 uocatur
1241 1898 1273 1962 et
1291 1898 1379 1978 paret
1396 1899 1429 1962 et

300 2018 371 2064 cum
385 2000 504 2065 uenerit
518 1999 551 2064 in
566 2000 761 2083 suscipientis
776 2002 909 2067 hominis
924 2018 1046 2083 corpore
1061 2001 1213 2083 potestate
1227 2000 1362 2065 iubentis
1376 2000 1464 2064 in·15

300 2102 457 2167 eluditur?
479 2103 595 2186 gratias
611 2103 748 2187 agimus,
765 2104 931 2188 Porphyri,
946 2105 1036 2169 libris
1057 2105 1135 2168 tuis:
1160 2103 1286 2168 deorum
1300 2102 1430 2167 tuorum

300 2206 388 2271 nobis
403 2206 609 2271 substantiam
630 2207 810 2289 prodidisti:
833 2207 999 2272 didicimus
1019 2226 1072 2290 per
1091 2209 1124 2272 te
1145 2207 1293 2288 quatenus
1313 2205 1358 2269 dii
1378 2207 1430 2270 tui

300 2309 476 2374 hominibus
490 2310 668 2375 iubentibus
683 2311 831 2376 sentiant.
860 2309 980 2393 Serapis
999 2312 1072 2375 tuus
1094 2310 1132 2375 ab
1153 2309 1277 2374 homine
1298 2311 1430 2373 uocatur

301 2414 333 2478 st
347 2412 434 2478 uenit
448 2414 480 2477 et
495 2431 566 2477 cum
580 2413 699 2478 uenerit
714 2404 823 2479 statim
843 2414 945 2479 iussus
965 2413 1136 2478 includitur
1156 2415 1187 2478 et
1207 2412 1352 2496 loquendi
1371 2430 1429 2476 ne-

273 2516 427 2582 ccessitas
453 2516 569 2580 nolenti
592 2516 721 2581 forsitan
745 2517 925 2600 imperatur.
960 2517 1004 2581 sic
1027 2518 1103 2599 aput
1124 2534 1180 2580 nos
1200 2516 1272 2581 deos
1297 2516 1464 2594 uestrosao

302 2639 373 2685 cum
388 2619 564 2684 hominibus
577 2638 683 2685 nocere
695 2620 863 2701 coeperint,
879 2620 1017 2705 religiosi
1032 2621 1179 2685 sermonis
1194 2619 1429 2704 flagella'casti-

303 2723 393 2806 gaut:
415 2723 459 2787 sio
472 2722 506 2787 in
520 2740 642 2804 corpore
656 2723 818 2787 hominum
838 2723 998 2788 constituti
1012 2723 1058 2788 dii
1072 2724 1168 2788 uestri
1182 2724 1275 2787 uerbo
1289 2722 1347 2787 Dei
1362 2722 1429 2803 spi-

302 2825 443 2889 ritalium
466 2825 662 2891 flammarum
676 2826 748 2910 igne
767 2827 959 2908 torquentur,
981 2827 1012 2891 et
1032 2827 1085 2909 qui
1105 2828 1180 2908 aput
1200 2844 1255 2890 uos
1276 2825 1366 2908 quasi
1382 2824 1429 2888 dii

303 2928 460 3006 coluntur,
476 2929 619 3009 aputnos
633 2928 796 3014 religiosae
809 2928 881 2994 fidei
896 2930 1031 2995 medelas
1046 2928 1162 2995 Christi
1176 2929 1279 3013 gratia
1293 2929 1430 2993 humano

304 3030 495 3096 subiacentes
509 3031 639 3114 imperio
654 3034 686 3096 et
709 3032 864 3097 tormenta
889 3033 1092 3117 repugnantes
1114 3032 1267 3097 sustinent
1293 3032 1324 3095 et
1348 3030 1430 3093 uicti
1438 3052 1465 3090 as

303 3134 407 3219 poenis
421 3134 585 3200 ultricibus
599 3136 812 3221 subiugantur.

356 3322 374 3378 2
392 3322 470 3376 hodie
483 3340 502 3375 a
569 3324 589 3380 4
606 3324 732 3378 uictimae
744 3300 855 3393 scrtpsi:
874 3341 998 3380 »tiemo
1010 3326 1049 3389 P,
1076 3324 1180 3379 animae
1192 3342 1211 3378 a
1225 3330 1251 3378 et
1262 3325 1361 3392 Baro,
1379 3324 1430 3377 sed

302 3414 386 3477 nepot
397 3409 506 3463 Loreas
517 3410 557 3464 sic
568 3410 622 3480 lepa'
628 3426 723 3478 possa·
739 3410 812 3465 idem
823 3411 914 3466 codice
929 3413 1030 3466 iterum
1045 3412 1167 3479 impacto
1183 3411 1322 3478 rescripsit
1338 3411 1429 3477 scrip-

302 3500 393 3549 turam
405 3513 423 3549 a
434 3512 475 3550 me
483 3497 654 3564 propositam
674 3513 708 3553 ec
727 3498 884 3552 litterarum
903 3499 1027 3568 nescistis
1047 3504 1120 3552 certo
1136 3497 1296 3563 coafircrori
1317 3497 1329 3563 ΙΙ
1351 3512 1428 3563 peco-

302 3580 364 3635 dum
376 3582 405 3635 P
467 3582 485 3638 6
504 3582 545 3636 ita
557 3599 613 3637 esse
626 3583 772 3637 'Wowercs
836 3584 854 3640 7
872 3584 1074 3638 simulacrorum
1085 3600 1148 3638 nos:
1167 3587 1329 3638 senuerit
1344 3582 1429 3651 P(at

302 3673 420 3722 testatur
432 3668 567 3736 Lernae),
587 3668 734 3722 Stoicorum
746 3685 766 3722 a
777 3675 803 3723 et
815 3669 876 3723 edd.
891 3671 998 3739 inepte,
1016 3669 1146 3723 idolorum
1163 3668 1190 3722 J.
1200 3669 1251 3723 Fr.
1267 3667 1428 3722 Gronoaius

313 3755 325 3821 ΙΙ
336 3753 449 3808 hostis..
468 3754 598 3823 magister
610 3755 652 3808 P:
671 3754 758 3808 hostis
770 3754 814 3809 dei
826 3755 953 3810 ueritatis
970 3755 1000 3809 in
1015 3755 1110 3809 multis
1127 3754 1315 3808 sceleratarum
1332 3754 1429 3822 impie-

301 3843 391 3896 tatum
412 3840 521 3909 soriptis
542 3858 573 3906 o;
591 3846 711 3894 extrema
728 3842 839 3909 primus
863 3841 1066 3895 Walmararasa'os
1088 3841 1220 3908 dispexit,
1246 3857 1307 3893 cara
1327 3839 1429 3892 artium

302 3929 450 3996 mag·ste·
475 3929 507 3982 ira
528 3928 556 3981 P
574 3928 705 3995 scriptum
731 3942 786 3980 esse
808 3933 960 3996 cognossem
990 3926 1230 3993 Reifferscheidius
1250 3925 1350 3979 dando
1376 3925 1430 3978 loci

303 4015 519 4069 emendationem
539 4014 749 4078 coasumrmait,
777 4028 839 4067 cum
858 4029 917 4067 nora
937 4013 966 4067 in
977 4013 1084 4076 multis,
1103 4018 1135 4067 at
1152 4018 1191 4066 est
1206 4013 1238 4065 ire
1255 4010 1430 4073 editoribus,

302 4101 350 4156 scd
362 4100 487 4155 inimicus
499 4102 530 4154 ire
543 4098 808 4154 Penstorcatderet
868 4098 885 4154 9
903 4103 1051 4153 ΛΟΓΙΟΝ
1060 4099 1088 4152 Ρ
1150 4097 1185 4153 11
1204 4096 1332 4166 auspiciis
1344 4096 1430 4164 impo-
1513 4107 1514 4146 3

304 4190 393 4241 sturae
406 4188 475 4241 corat.
498 4186 531 4239 G.
550 4186 638 4252 Wolff
651 4185 817 4253 (Porphyrii
833 4185 907 4253 relig.
922 4187 1042 4253 p.111);
1065 4185 1187 4238 Wowero
1203 4184 1289 4237 uerba
1300 4181 1328 4236 id
1340 4183 1382 4235 est
1394 4213 1428 4219 —

302 4274 407 4344 positus
419 4275 549 4342 pleneme
560 4272 743 4339 aidebaatar5
761 4271 827 4337 sort.
841 4270 968 4340 auspiciis
979 4270 1066 4339 operis
1079 4270 1122 4323 sui
1170 4270 1206 4325 12
1220 4269 1362 4322 collocatus
1375 4285 1394 4319 a

306 4359 343 4415 13
362 4358 422 4427 quis
435 4376 465 4411 o:
483 4358 530 4425 qui
542 4359 570 4411 P
622 4358 659 4414 16
677 4356 810 4427 Porphyri
822 4356 891 4426 quod
902 4356 982 4411 libris
994 4373 1013 4410 a
1071 4356 1108 4413 18
1126 4354 1322 4419 inuentibusP‚
1334 4353 1433 4406 uiuen«
1512 4403 1513 4428 ,

304 4444 379 4497 tibus
391 4461 419 4511 a,
432 4444 616 4500 emBrrrsr'on
662 4444 699 4501 22
718 4442 903 4511 spiritualium
915 4460 933 4496 a
981 4442 1020 4499 24
1037 4442 1202 4497 medelasP:
1220 4440 1354 4495 medelas

1506 4757 1512 4944 l
