3050 4984
327 1610 381 1708 Π.
419 1608 683 1707 EPISTULA
715 1605 755 1706 S.
785 1605 985 1706 SEVERI
1010 1606 1084 1703 AD
1113 1601 1399 1705 CLAVEIAM

467 1813 716 1913 SOROREM
741 1814 814 1912 DE
846 1810 1196 1913 VIRGINITATE
1209 1817 1245 1929 ²²)

761 2150 965 2162 -p-——..---.

300 2372 329 2427 a
339 2396 373 2421 =
384 2374 515 2445 excerpo
526 2375 556 2427 in
567 2375 636 2429 aee
647 2375 754 2429 eonem
765 2334 989 2444 Aqiagranensa
1000 2374 1034 2443 (a.
1048 2372 1125 2441 816).

305 2460 370 2515 0:
382 2460 461 2515 eodex
472 2460 709 2530 cantabrigiensi&

299 2545 335 2599 H
340 2569 373 2593 =
382 2549 472 2599 textus
483 2546 570 2600 Lucae
582 2548 717 2601 Holatenii
729 2547 758 2601 in
769 2547 920 2617 Appendioe
932 2547 1036 2604 Codicis
1048 2546 1211 2616 Regularum
1222 2544 1317 2614 (Paris.
1333 2542 1423 2612 1663)

379 2649 404 2701 p.
418 2632 437 2688 8
450 2649 506 2701 sqq.
519 2633 567 2686 ubi
579 2633 695 2701 epistula
707 2634 746 2686 sio
757 2634 888 2703 inscripta
899 2636 956 2687 est:
973 2632 1125 2687 ‘Athanasii
1136 2630 1284 2685 exhortatio
1296 2628 1329 2683 ad
1341 2645 1420 2699 spon·

376 2734 433 2770 sam
445 2717 563 2773 Christi.

299 2800 328 2856 R
336 2824 369 2848 =
381 2803 460 2856 oodex
471 2803 630 2871 Reginensis
641 2804 775 2857 Romanus
786 2820 857 2859 num.
872 2804 934 2860 140.

306 2886 374 2940 V:
386 2888 465 2941 eodex
476 2888 699 2954 vindobonensia,
719 2889 810 2943 Theoi.
823 2890 888 2947 664.

299 2971 340 3027 ed.
359 2973 427 3028 Van.
438 2996 472 3021 =
483 2976 573 3029 textus
583 2974 713 3030 Vallarsii
727 2975 757 3030 in
774 2976 891 3047 Appenti
904 2993 962 3047 opp.
976 2976 1001 3031 S.
1015 2976 1172 3048 Hieronymi
1182 2977 1229 3043 XI,
1246 2995 1271 3047 p.
1290 2976 1347 3033 127
1359 2991 1418 3045 sqq.

298 3057 314 3113 b
327 3082 360 3107 =
372 3059 411 3113 ed.
423 3059 535 3114 Baluzii

298 3142 338 3198 Ex
349 3145 384 3198 H
391 3161 443 3198 non
454 3147 606 3200 notauimus
618 3147 672 3200 nisi
684 3164 729 3201 eas
742 3148 888 3219 scripturas
900 3165 967 3219 quae
979 3150 1131 3221 discrepant
1147 3166 1163 3205 a
1179 3151 1337 3207 lectionibus
1349 3150 1423 3206 codi-

376 3230 415 3284 ois
431 3230 601 3300 Reginensis3
623 3233 655 3287 cf.
668 3233 785 3288 Praefat.

285 4242 288 4245 ,
346 4188 372 4257 *)
384 4189 507 4259 Epistola
518 4190 605 4245 saneti
617 4190 708 4245 Seueri
719 4193 870 4263 presbyteri
882 4196 915 4251 ad
927 4198 1036 4253 eandem
1047 4200 1079 4253 de
1091 4200 1249 4269 uirginitate
1263 4200 1325 4254 Oet
1335 4200 1417 4254 uide·

297 4278 359 4368 tur,
376 4288 449 4371 naa
460 4291 498 4328 an
510 4291 646 4331 mamas
657 4277 697 4343 R,
716 4277 741 4332 S.
754 4279 899 4335 Athanasii
910 4283 1059 4339 exhortatio
1076 4286 1110 4340 ad
1127 4303 1249 4355 sponsam
1260 4288 1364 4345 Christi
1374 4290 1416 4361 H,

294 4365 476 4427 menptwne
487 4369 562 4417 earet
579 4363 606 4418 V
