3050 4984
333 422 399 474 XIV

334 576 428 650 illud
451 589 482 651 et
515 577 588 674 ipsi
619 578 656 647 in
692 577 759 650 hac
782 576 931 675 quidem
967 576 1141 649 orationis
1177 574 1460 649 conformatione

335 696 544 770 nonhabet
575 721 649 793 quo
686 708 769 795 apte
799 698 986 771 referatur.
1020 706 1057 768 at
1085 696 1286 769 Minucium
1314 697 1366 768 sic
1389 722 1459 766 non

336 817 521 915 scripsisse
542 817 646 889 testis
669 826 723 889 est
745 818 822 916 ipse
845 818 962 890 codex
984 816 1189 906 Parisinus,
1218 815 1378 913 quinon
1401 816 1461 886 ha-

335 934 396 1009 bet
410 928 591 1034 ‘quamdiu
605 924 704 1026 eum,
728 936 794 1010 sed
815 928 996 1035 ‘quamdiu
1010 936 1104 1010 euim
1122 961 1233 1010 eum..
1259 937 1460 1009 66116σοί11-

335 1046 458 1131 61661.
496 1056 581 1129 hinc
610 1055 768 1129 efficitur
796 1055 840 1129 ab
863 1056 918 1129 his
942 1054 1065 1129 uerbis
1088 1082 1225 1129 nouam
1248 1056 1461 1130 sententiam

262 1194 263 1197 ’
336 1175 466 1267 ordiri,
507 1177 552 1248 ad
577 1175 700 1275 priora
736 1187 859 1249 autem
891 1176 989 1250 ‘nom
1014 1189 1046 1251 at
1071 1177 1144 1275 qui
1168 1179 1270 1251 deum
1296 1162 1461 1249 uostrum'

337 1295 508 1384 uerbum
533 1322 605 1393 quo
624 1297 852 1369 enuntiatum
872 1296 1102 1387 absoluatur
1126 1296 1342 1370 desiderari:
1366 1296 1461 1392 quod

337 1416 442 1515 quale
463 1417 574 1490 fuerit
596 1428 694 1490 certo
717 1416 873 1489 diuinari
895 1443 969 1489 non
992 1428 1129 1515 potest,
1157 1418 1221 1489 sed
1252 1417 1462 1515 scripsimus

346 1562 432 1610 uum
467 1549 498 1610 ct
529 1536 601 1634 ipsi
631 1539 733 1610 deum
766 1555 961 1611 boarum
990 1538 1125 1635 experti
1161 1528 1262 1627 aaut,
1301 1534 1462 1609 utlocus

337 1656 404 1730 salt
389 1668 463 1729 tem
483 1658 674 1729 commode
692 1656 764 1753 legi
787 1667 822 1730 et
843 1668 920 1730 rect
923 1683 942 1729 e
960 1656 997 1729 in
1000 1657 1119 1754 tellegi
1136 1666 1270 1755 posset.
1298 1655 1361 1729 tali
1380 1680 1462 1752 sup-

336 1776 519 1876 plemento
543 1776 705 1849 adhibito
733 1776 805 1849 iam
834 1776 923 1849 illud
952 1789 984 1850 ct
1015 1778 1087 1875 ipsi
1107 1803 1176 1850 suo
1199 1777 1279 1849 loco
1302 1776 1463 1874 positum

336 1896 502 1969 uidetur:
543 1909 578 1968 et
614 1898 682 1995 ipsi
718 1898 826 1969 deum
861 1897 1005 1995 experti
1039 1907 1147 1986 sunt,
1188 1907 1231 1969 ut
1253 1921 1381 1969 omnes
1404 1893 1464 1991 qui

337 2040 421 2088 eum
443 2015 612 2113 religiose
635 2017 826 2090 coluerunt
850 2043 914 2091 nec
947 2018 991 2089 ab
1014 2018 1091 2089 eius
1115 2016 1306 2115 disciplina
1329 2015 1462 2088 defece-

338 2147 434 2210 runt.
463 2162 547 2211 cum
569 2148 688 2211 autem
712 2149 770 2211 tot
792 2138 933 2212 indiciis
962 2138 1162 2211 manifestis
1185 2136 1463 2237 comprobatum

337 2282 415 2330 esse
437 2256 606 2332 uideatur
629 2258 665 2331 in
695 2258 947 2358 compluribus
972 2258 1089 2333 nostri
1110 2258 1221 2331 libelli
1243 2258 1331 2332 locis
1355 2282 1463 2329 unum

338 2376 488 2477 pluraue
510 2376 685 2451 uocabula
706 2377 941 2453 librariorum
963 2378 1191 2478 neglegentia
1210 2378 1464 2477 praetermissa

341 2522 435 2590 esse,
464 2498 536 2571 ianr
559 2525 668 2572 nemo
692 2499 903 2588 mirabitur,
931 2501 1030 2597 quod
1060 2526 1126 2572 nos
1150 2525 1295 2597 quoque
1318 2498 1365 2570 ad
1388 2497 1464 2569 illos

337 2617 559 2708 infinitiuos,
596 2617 661 2717 qui
692 2645 725 2716 p.
751 2623 786 2707 8,
811 2623 831 2691 9
857 2645 935 2717 sqq.
959 2619 1004 2717 (c.
1029 2624 1049 2691 5
1075 2622 1094 2712 ᾗ
1118 2619 1158 2716 9)
1191 2617 1293 2715 quasi
1326 2617 1363 2690 in
1388 2622 1464 2689 aere

338 2738 536 2835 pendentes
559 2738 749 2837 leguntur,
778 2738 935 2811 uerbum
958 2764 1075 2837 aquo
1099 2738 1266 2838 suspensi
1290 2738 1365 2811 sint
1383 2762 1463 2809 cum

339 2855 595 2930 Heumanno
619 2859 832 2932 desiderare.

393 2976 476 3077 Cap
503 2981 605 3067 141
633 2979 919 3053 emendationem
942 2977 1205 3079 palmaremG
1229 2979 1267 3088 F
1292 2980 1327 3054 S.
1352 2978 1418 3053 St
1388 2992 1463 3051 1ι-6

341 3096 435 3170 beri
458 3096 632 3173 Onoldini
663 3124 709 3172 ex
737 3111 1005 3199 programmate
968 3099 1220 3173 teobliuione
1257 3098 1437 3172 obruto
1429 3125 1463 3169 m

340 3219 460 3293 lucem
483 3246 549 3319 pro
552 3218 748 3309 traximus3
775 3221 806 3293 is
822 3220 917 3293 enim
937 3221 1143 3294 acutissime
1165 3218 1377 3293 intellexit
1367 3246 1464 3317 mep-

340 3352 414 3413 tam
446 3340 639 3414 lectionem
665 3355 846 3411 PIsTORUM
878 3352 995 3415 ortam
1028 3367 1106 3414 esse
1137 3367 1185 3413 ex
1205 3343 1363 3438 genuina
1394 3354 1465 3407 ΧΡΙ-

341 3465 496 3541 STORUM,
523 3463 546 3535 i.
571 3488 599 3535 e.
623 3460 905 3537 christianorum.
929 3462 1025 3535 hunc
1047 3461 1225 3552 libellum,
1249 3485 1464 3559 quamquam

341 3585 416 3657 eius
439 3582 567 3655 titulus
585 3584 620 3655 in
634 3581 861 3688 editionibus
881 3582 1011 3655 Bernb.
1035 3580 1233 3655 Luebkerti
1252 3592 1289 3654 et
1306 3580 1464 3653 Eduardi

343 3704 387 3777 de
422 3702 577 3776 Muralto
614 3702 809 3794 indicatur,
849 3702 970 3776 nullus
1006 3728 1150 3793 eorum,
1191 3703 1254 3800 qui
1276 3701 1464 3776 Octauium

342 3824 551 3913 ediderunt,
594 3824 739 3896 uidetur
773 3824 924 3913 uidisse,
968 3848 1043 3896 non
1083 3822 1199 3921 magis
1235 3848 1343 3920 quam
1370 3821 1403 3893 J.
1428 3818 1464 3893 (l.

342 3942 541 4017 Bremeri
577 3942 766 4042 epistolam
803 3943 965 4017 criticam
1000 3969 1107 4042 super
1147 3942 1284 4039 aliquot
1319 3938 1465 4014 Minucii

342 4063 431 4137 locis
450 4061 735 4161 (Quedlinburgi
756 4067 863 4137 1780.
882 4063 957 4160 4⁰),
980 4089 1091 4162 quam
1114 4090 1159 4137 ne
1180 4062 1287 4137 nobis
1310 4062 1464 4160 quidem,

343 4210 561 4283 quamquam
583 4183 619 4257 in
643 4184 778 4283 uiginti
800 4185 876 4258 sere
897 4184 1127 4260 bibliothecis
1151 4183 1303 4284 publicis
1326 4180 1465 4281 quaesi·

343 4304 487 4392 nimus,
510 4307 673 4379 inuenire
696 4306 861 4403 contigit.
