3050 4984
295 357 338 425 50
716 350 866 420 Sulpicii
883 351 1001 406 Seueri

179 513 184 533 ⁸
295 511 454 595 cogeretur
474 510 565 590 atque
585 508 618 572 in
639 507 718 571 nam
738 507 913 585 exarsisset,
936 508 1021 589 lepra
1040 508 1181 589 oppletus
1201 507 1340 579 decessit.
1363 526 1426 589 quo

296 613 402 678 morbo
416 611 542 676 affectus
559 610 626 674 uita
639 609 762 674 functus
777 611 834 688 est,
853 628 924 674 cum
938 612 1095 694 regnasset
1104 629 1198 679 annos
1213 612 1273 676 duo
1287 612 1320 675 et
1333 611 1426 693 quin-

267 715 452 800 5quaginta.
468 733 598 798 regnum
607 713 678 778 inde
686 713 812 777 Ioathae
818 713 884 778 filio
892 714 1016 780 datum:
1031 714 1118 796 isque
1127 715 1295 780 admodum
1302 714 1427 778 sendus

296 819 392 884 fuisse
405 818 539 882 traditur
552 833 751 898 prospereque
765 817 932 898 imperium
946 817 1190 882 administrauit:
1206 818 1332 900 gentem
1344 816 1427 899 Am-

296 922 484 986 monitarum
505 920 585 985 bello
607 919 723 983 uictam
750 919 939 1001 sb'pendium
965 922 1118 1001 praestare
1146 920 1255 1003 coegit.
1282 920 1463 1003 regnauite

296 1027 401 1090 autem
416 1024 502 1088 annis
518 1041 580 1088 xvr
595 1021 754 1104 eidemque
769 1022 872 1087 Achaz
885 1022 970 1086 filius
984 1023 1138 1088 successit.
1281 1069 1284 1076 .

247 1147 287 1210 43
340 1127 474 1193 Celebris
506 1125 585 1190 circa
616 1126 690 1190 haec
720 1125 858 1206 tempora
881 1124 1094 1190 Niniuitarum
1122 1125 1198 1190 fides
1226 1125 1369 1190 traditur.
1392 1123 1428 1188 id

298 1230 445 1313 oppidum
460 1228 535 1293 olim
550 1228 588 1293 ab
604 1228 728 1306 Assoro,
745 1227 816 1292 Sem
830 1227 904 1306 filio,
920 1228 1078 1293 conditum
1093 1230 1185 1310 caput
1198 1228 1286 1311 regni
1300 1227 1427 1310 Assyri-

298 1351 387 1398 orum
401 1332 478 1410 fuit,
501 1331 642 1413 frequens
662 1332 731 1394 tum
750 1330 950 1395 incolentium
964 1331 1175 1408 multitudine,
1190 1331 1274 1396 alens
1288 1330 1428 1394 uirorum

270 1435 386 1510 nmilia
407 1436 474 1500 oet
488 1453 538 1498 xx
560 1435 652 1516 atque
672 1434 708 1497 ut
728 1433 760 1498 in
780 1451 893 1517 magno
913 1433 1024 1515 populo
1046 1434 1202 1499 aliundene
1229 1433 1327 1497 uitiis.
1345 1432 1464 1514 ‘quise

298 1538 382 1605 Deus
394 1537 611 1602 motuslonam
623 1536 803 1618 prophetam
814 1536 972 1601 equdaea
982 1535 1430 1618 irepraecepitaedenuntiare

299 1643 369 1706 urbi
391 1640 558 1717 excidium,
586 1640 666 1703 sicut
688 1638 764 1702 olim
786 1637 917 1703 Sodoma
938 1640 970 1704 et
991 1637 1138 1704 Gomorra
1164 1638 1279 1704 diuinis
1302 1637 1431 1721 ignibus

270 1743 543 1828 aeonflagrassent.
566 1761 675 1806 uerum
694 1741 843 1823 propheta
861 1741 1095 1822 praedicationis
1114 1741 1205 1806 istius
1219 1740 1432 1805 ministerium

300 1846 486 1923 detrectans,
508 1863 567 1909 non
587 1843 793 1921 contumacia,
814 1844 868 1908 sed
882 1843 1096 1926 praescientia,
1112 1863 1172 1925 qua
1185 1843 1313 1909 uidebat
1326 1844 1432 1907 Deum

191 2007 194 2014 .
299 1948 487 2031 paenitentia
501 1946 606 2029 populi
620 1945 817 2027 placandum,
832 1947 953 2024 nauim,
975 1966 1051 2029 quae
1065 1947 1156 2030 longe
1170 1946 1292 2012 diuersa
1305 1944 1431 2029 regione
1440 1969 1464 2009 a
1519 2021 1522 2028 Ι

271 2051 432 2124 alharsos
446 2049 584 2132 petebat,
607 2048 788 2113 conscendit.
810 2049 865 2114 sed
878 2049 933 2113 ubi
947 2050 981 2113 in
994 2049 1093 2114 altum
1107 2067 1296 2132 processum,
1317 2049 1431 2114 nautae

301 2153 430 2219 saeuitia
444 2151 539 2217 maris
554 2151 718 2234 compulsi,
734 2152 876 2234 quisnam
891 2154 971 2217 esset
984 2153 1060 2217 mali
1074 2171 1179 2231 causa,
1195 2153 1276 2217 sorte
1290 2151 1431 2234 explora·
1522 2221 1523 2227 ,

301 2275 381 2323 uere.
397 2274 468 2320 curn
483 2274 574 2337 super
584 2255 692 2320 Ionam
706 2272 771 2319 sors
785 2255 957 2334 decidisset,
970 2256 1130 2338 tamquam
1139 2255 1295 2338 piaculum
1309 2257 1432 2336 tempe-

301 2359 392 2425 statis
414 2359 447 2424 in
468 2358 654 2440 profundum
675 2357 828 2439 proiectus
849 2359 912 2422 est:
939 2359 1142 2441 exceptusque
1162 2377 1182 2422 a
1202 2359 1267 2423 ceto
1297 2357 1433 2440 [marino
1523 2407 1524 2410 η

301 2463 452 2545 monstro]
474 2480 509 2526 ae
529 2462 707 2538 deuoratus,
729 2461 798 2542 post
817 2460 957 2525 tudunum
977 2460 1040 2525 fere
1060 2460 1273 2525 Niniuitarum
1287 2459 1433 2527 litoribus
1441 2483 1467 2524 rc

302 2567 417 2631 eiectus
438 2566 522 2628 iussa
542 2563 712 2646 praedicat,
735 2563 844 2626 urbem
864 2562 982 2627 scilicet
1001 2563 1039 2626 ob
1059 2563 1183 2644 peccata
1202 2563 1307 2644 populi
1327 2562 1433 2626 biduo

273 2668 479 2750 operituram.
502 2667 601 2750 igitur
614 2683 674 2730 non
688 2664 933 2743 dissimulanter,
949 2665 986 2729 ut
999 2665 1075 2729 olim
1090 2663 1244 2743 Sodomis,
1263 2664 1370 2729 audita
1384 2664 1434 2729 est

301 2788 361 2835 uox
371 2769 550 2851 prophetae:
562 2786 597 2833 ac
608 2767 715 2832 statim
726 2767 902 2851 iussuregis
913 2767 1111 2850 exemploque
1118 2768 1249 2849 populus
1259 2767 1432 2844 uniuersus,

275 2877 277 2885 ’
302 2873 378 2955 quin
392 2873 424 2937 et
437 2889 541 2937 recens
555 2871 621 2936 nati
639 2871 706 2934 cibo
728 2871 863 2952 potuque
882 2870 1088 2936 abstinentur:
1110 2871 1249 2935 iumenta
1260 2858 1379 2936 'itidem
1401 2870 1434 2934 et

303 2974 417 3040 diuersi
445 2973 564 3058 generis
594 2972 739 3038 animalia
764 2974 921 3054 compulsa
944 2973 1027 3038 fame
1051 2991 1086 3038 ac
1114 2973 1169 3037 siti
1193 2971 1432 3038 lamentantium
1441 2989 1465 3032 a

275 3077 436 3159 especiem
458 3096 528 3141 cum
542 3076 717 3141 hominibus
737 3076 931 3158 praebebant.
954 3076 1000 3140 ita
1019 3076 1185 3141 imminens
1204 3076 1323 3141 malum
1342 3095 1432 3140 auer-

303 3199 383 3247 sum.
399 3180 490 3244 Ionae
505 3180 586 3262 apud
596 3181 698 3244 Deum
710 3179 914 3260 conquerenti,
926 3180 1007 3261 quod
1018 3179 1094 3244 fides
1105 3178 1198 3244 dictis
1208 3197 1268 3244 non
1282 3178 1431 3255 affuisset,
1523 3261 1524 3264 Ἴ

303 3301 490 3365 responsum,
506 3281 732 3364 paenitentibus
747 3281 871 3346 ueniam
884 3281 989 3365 negari
1003 3300 1063 3347 non
1077 3300 1173 3364 posse.

254 3393 295 3456 11
347 3386 391 3450 At
415 3386 448 3450 in
473 3384 609 3450 Samaria
639 3384 817 3448 Zachariam
842 3403 948 3468 regem
978 3385 1145 3450 admodum
1169 3384 1316 3466 impium,
1340 3403 1432 3465 quem

305 3488 443 3570 superius
458 3506 598 3571 regnasse
613 3487 862 3565 memorauimus,
878 3485 960 3552 Sella
974 3487 1099 3569 quidam
1113 3487 1271 3552 interemit
1285 3505 1431 3570 regnum·
1440 3499 1465 3540 ³⁰

410 3659 483 3714 lIV
501 3659 565 3726 Reg.
587 3658 630 3716 15.
685 3657 780 3712 7Jon.
801 3657 817 3712 1
836 3672 893 3724 sqq.
930 3656 968 3712 29
986 3657 1025 3710 lV
1043 3656 1108 3724 Reg.
1130 3657 1175 3715 15.

358 3813 492 3870 2duosb
554 3810 797 3867 dammanitarum
815 3810 843 3863 P
905 3809 1021 3865 (imber
1039 3811 1067 3863 P
1126 3809 1202 3878 sid]
1220 3810 1249 3864 in
1266 3812 1294 3865 P
1353 3811 1431 3868 Sas-

305 3915 365 3952 sure
378 3899 417 3952 P:
434 3897 545 3952 Mouet
567 3898 579 3964 11
602 3895 662 3949 Sem
675 3895 810 3949 Drasdea:
829 3894 966 3962 SeonPb,·
985 3896 1020 3961 cf.
1039 3895 1245 3962 Gcaee.10,22
1298 3897 1337 3954 10
1353 3895 1431 3961 uitiis

305 3985 332 4039 b:
351 3983 498 4038 diuitiisP
520 3984 532 4050 ΙΙ
554 3981 656 4050 queisb
704 3980 740 4036 12
759 3979 933 4035 Gomorrhab
987 3981 1024 4037 14
1041 3980 1211 4035 Dominumb
1265 3982 1302 4038 16
1320 3980 1431 4034 Tharais

306 4071 443 4138 Dromas,
460 4075 493 4123 at
504 4067 594 4121 LXX
605 4071 644 4126 εὶς
659 4070 764 4138 &epota
817 4064 853 4120 19
871 4067 945 4119 coeto
957 4066 985 4118 P
1006 4068 1019 4133 11
1041 4065 1144 4119 marino
1155 4069 1272 4121 mcmtro
1288 4067 1362 4120 obde
1378 4081 1428 4120 ao·

306 4156 379 4210 taoa't
394 4155 486 4210 Vocet
537 4153 576 4210 23
594 4150 1001 4206 utstatimmolebotdeProto
1052 4151 1092 4207 24
1104 4151 1272 4207 abstinentur
1289 4153 1328 4206 P:
1347 4151 1431 4206 absti-

306 4240 541 4296 nereiubenturb
604 4237 642 4295 28
660 4252 756 4306 negare
769 4237 797 4289 P
863 4235 901 4292 29
920 4236 1035 4290 samaria
1053 4238 1080 4290 P
1154 4237 1193 4294 30
1209 4233 1430 4306 Sellaueuoo'p
1514 4282 1519 4297 .

308 4325 664 4396 LXXa'aRep.4,15,10
