3050 4984
525 367 638 424 Chron.
657 367 679 432 Ι,
700 367 819 424 10-12.
1189 367 1229 430 13

82 521 201 586 eadem
217 523 360 588 custodia
374 523 510 588 ministri
525 523 602 607 regii
617 524 692 588 duo:
713 523 852 605 quicum
867 523 985 588 somnia
999 540 1055 587 sua
1068 521 1107 586 ad
1121 520 1258 602 Iosephs

81 626 292 704 retulissent,
321 625 426 690 futura
451 645 487 690 ex
512 627 629 692 somnio
656 626 842 703 coniectans,
869 645 965 690 unum
989 639 1095 690 eornm
1119 642 1231 706 poenas

83 728 193 810 capite
208 729 382 806 luiturum,
405 728 502 816 6111111
522 729 741 794 absoluendum
756 728 975 810 pronuntiauit.
1004 729 1095 810 atque
1114 727 1160 792 ita
1179 745 1230 790 ac·

83 831 176 896 cidit.
205 832 309 916 igitur
323 833 391 913 post
405 832 564 898 biennium
578 832 733 896 somnium
747 832 814 916 regi
824 831 978 896 obiectum
988 832 1044 896 est.
1067 831 1148 912 quod
1159 849 1258 903 cume

64 955 100 999 sa
114 935 335 1016 prudentibus
350 933 573 1018 Aegyptiorum
588 952 648 1000 non
662 935 764 1016 posset
778 934 912 1012 absolui,
927 934 1068 999 minister
1081 933 1163 1017 regis
1177 933 1231 998 ille

83 1055 214 1102 6616616
229 1038 389 1118 exemptus
404 1056 508 1121 regem
523 1038 681 1115 admonet,
704 1038 813 1118 loseph
833 1055 897 1102 esse
912 1038 1027 1102 mirum
1041 1037 1230 1102 somniorum

83 1141 308 1222 interpretem.
331 1140 376 1206 ita
401 1140 510 1222 Ioseph
535 1141 666 1206 soluitur
691 1141 966 1222 interpretatusque
985 1140 1032 1204 661
1056 1140 1122 1224 regi
1147 1157 1258 1215 som-7

84 1243 200 1308 nium:
225 1244 344 1324 septem
364 1243 452 1308 annis
472 1243 618 1324 proximis
633 1244 801 1309 maximam
815 1243 941 1327 frugum
955 1243 1129 1308 ubertatem
1143 1241 1229 1307 futu·

86 1365 175 1426 ram,
196 1346 452 1428 consequentibus
466 1346 610 1428 inopiam.
633 1365 692 1428 quo
707 1348 792 1412 metu
808 1366 860 1412 rer
873 1346 1044 1428 perculsus,
1059 1346 1166 1411 uidens
1180 1346 1230 1409 di-

58 1473 79 1511 11
87 1451 208 1514 ninum
223 1450 259 1514 in
273 1449 383 1531 Ioseph
398 1449 556 1531 spiritum,
580 1449 625 1514 rei
644 1469 715 1514 eum
729 1449 909 1514 annonariae
923 1449 1082 1531 praefecit,
1103 1450 1230 1530 aequato

89 1571 202 1618 secum
229 1553 369 1634 imperio.
390 1554 461 1617 tum
481 1552 590 1634 loseph
611 1553 836 1618 abundantibus
856 1571 909 1634 per
933 1553 1032 1617 totam
1052 1551 1258 1635 Aegyptumg

90 1655 265 1722 tormentis
280 1675 426 1740 magnam
441 1655 559 1736 copiam
575 1655 741 1740 congessit:
758 1655 1032 1737 multiplicatisque
1045 1654 1160 1720 horreis
1175 1654 1230 1718 ad·

91 1778 204 1824 uersus
219 1757 360 1823 futuram
375 1758 490 1822 famem
504 1759 704 1824 consuluerat.
720 1777 756 1822 ea
769 1759 950 1840 tempestate
964 1776 1032 1839 spes
1046 1759 1137 1839 atque
1149 1757 1231 1822 salus

92 1862 237 1947 Aegypti
269 1861 304 1926 in
333 1861 388 1925 1116
415 1861 477 1925 sita
501 1862 575 1926 erat.
604 1879 657 1942 per
687 1861 770 1926 idem
794 1862 916 1942 tempus
947 1860 1258 1929 (1166611661616

64 1965 177 2030 11111166
192 1964 319 2050 genuit,
334 1964 494 2028 Manassen
509 1966 539 2029 61
553 1964 721 2046 Ephraem:
744 1965 810 2046 ipse
823 1965 942 2042 autem,
958 1983 1029 2028 cum
1043 1983 1198 2028 summam
1212 1982 1230 2027 a

94 2087 168 2153 rege
189 2068 379 2150 potestatem
394 2067 518 2148 aceepit,
534 2067 599 2132 erat
613 2084 760 2131 annorum
776 2085 866 2131 xxx:
882 2086 954 2132 nam
968 2086 987 2131 a
1000 2067 1147 2132 iratribus
1161 2085 1230 2148 sep-

95 2173 161 2236 tem
176 2173 287 2236 decem
302 2188 393 2236 annos
407 2170 498 2234 natus
512 2169 703 2234 uenundetus
718 2171 774 2234 661.

136 2276 264 2340 Interea
291 2273 379 2338 rebus
404 2273 437 2336 in
462 2271 603 2355 Aegypto
630 2273 776 2338 aduersus
802 2271 917 2339 famem
937 2273 1014 2340 bene
1042 2275 1228 2356 compositis,
1242 2282 1280 2343 la

98 2379 202 2444 orbem
230 2378 330 2442 161166
355 2375 459 2459 grauis
484 2374 630 2440 frumenti
655 2376 758 2457 inopia
783 2375 1033 2459 quatiebatque
1052 2377 1230 2442 necessitate

68 2501 89 2541 u
99 2481 278 2564 compulsus
303 2479 392 2543 laceb
418 2478 498 2543 filios
523 2478 556 2542 in
582 2478 760 2562 Aegyptum
790 2479 893 2557 misit,
921 2479 1083 2544 Beniamin
1106 2479 1229 2544 tantum

98 2603 202 2650 seeum
226 2581 311 2647 domi
331 2582 457 2646 retento.
480 2580 577 2665 igitur
596 2581 705 2663 Ioseph
725 2599 829 2646 rerum
842 2583 1012 2663 potentem,
1034 2600 1124 2665 penes
1138 2597 1258 2664 quemi

98 2705 235 2753 annonae
250 2685 415 2750 arbitrium
429 2684 502 2762 eret,
518 2683 626 2749 fratres
641 2685 754 2748 adeunt
768 2687 800 2749 et
814 2703 897 2749 more
910 2686 995 2769 regio
1009 2687 1144 2751 adorant.
1160 2685 1230 2767 qui·

98 2792 155 2856 bus
169 2791 227 2854 1116
241 2789 319 2853 11616
334 2787 443 2852 callide
458 2787 645 2870 agnitionem
660 2787 867 2866 dissimulans,
882 2789 1037 2854 hostiliter
1051 2808 1101 2854 eos
1112 2791 1231 2856 uenisse

98 2897 128 2958 et
147 2892 280 2958 subdole
299 2891 365 2955 loca
384 2890 537 2971 explorare
552 2890 708 2973 arguebat.
730 2890 899 2974 angebatur
913 2894 1031 2971 autem,
1054 2893 1135 2975 quod
1150 2895 1259 2963 Bau-3

70 2997 197 3062 miamin
218 2995 346 3060 fratrem
360 3011 421 3058 non
435 2993 568 3058 uidebat.
591 3011 639 3058 166
659 3011 730 3077 ergo
750 2994 784 3058 in
803 2993 836 3057 id
850 2994 1025 3073 deducitur,
1041 2997 1077 3061 ut
1091 3016 1232 3078 praeseu-

99 3100 178 3164 tiam
193 3099 262 3164 eius
277 3097 504 3179 pollicerentur,
520 3096 668 3161 nimirum
682 3097 718 3160 ut
733 3114 817 3160 61166
833 3100 1039 3179 quaereretur,
1055 3101 1163 3165 611611
1179 3120 1231 3164 611-

101 3202 243 3284 plorandi
270 3219 360 3264 causa
385 3200 561 3283 Aegyptum
576 3199 754 3284 intrassent.
779 3200 817 3264 ad
842 3201 985 3281 promissi
1011 3203 1114 3266 autem
1139 3203 1232 3268 fidem

103 3305 235 3390 Symeon
262 3304 348 3367 obses
367 3302 518 3366 traditur:
540 3302 615 3384 ipsis
640 3301 831 3366 frumentum
851 3303 947 3386 gratis
968 3304 1085 3369 datum.
1108 3325 1232 3370 1116111

102 3410 201 3493 igitur
219 3406 407 3471 reuertentes
428 3405 604 3482 Beniamin,
628 3406 664 3468 11
684 3408 879 3483 6611616161,
895 3406 1093 3472 dedurenmt.
1110 3410 1184 3473 ¹tum
1199 3426 1259 3479 sc4

72 3523 94 3562 ³⁰
102 3511 345 3596 cognoscendum
365 3508 474 3590 Ioseph
496 3507 642 3572 iratribus
661 3508 818 3587 praebuit,
840 3509 985 3574 16161116
1010 3510 1124 3590 pudore
1150 3511 1230 3574 male

102 3613 297 3680 merentium.
320 3613 366 3676 ita
379 3629 430 3675 eos
449 3612 586 3676 oneratos
606 3609 758 3674 immento
774 3611 941 3693 multisque
956 3612 1083 3677 donatos
1104 3614 1230 3678 domum

207 3818 226 3874 3
245 3816 374 3873 (16141.
413 3815 448 3872 19
468 3815 532 3870 Gen.
551 3815 598 3872 42.
635 3815 673 3872 28
692 3816 756 3870 Gen.
775 3815 895 3874 43-45.

155 3989 262 4058 lregii
285 4005 350 4042 nos:
378 3987 452 4056 regio
477 3988 518 4055 P,
545 3987 654 4056 regisb
723 3988 858 4056 apecnas
880 3992 906 4043 P
974 3989 1011 4046 13
1029 3989 1180 4043 consuleret
1200 3990 1227 4043 P

157 4075 197 4132 14
214 4077 272 4128 6161
283 4076 313 4128 b:
333 4076 374 4128 est
385 4074 412 4127 P
431 4076 443 4142 ΙΙ
462 4076 567 4142 tempus
584 4069 624 4126 P:
644 4074 748 4142 tempus
760 4089 822 4128 vero
839 4075 855 4128 b
874 4077 886 4143 ΙΙ
905 4075 1006 4130 Asenco
1022 4076 1064 4129 Pb
1117 4076 1154 4132 15
1171 4076 1229 4130 lla·

107 4162 238 4216 nassemb
253 4162 265 4228 ΙΙ
281 4160 371 4214 effrem
387 4161 430 4214 Pb
482 4158 519 4216 16
538 4159 757 4228 septemdecimb
809 4160 1229 4230 2116661661666666116

107 4249 138 4302 in
160 4247 220 4302 edd.
247 4248 386 4315 plerosque
453 4245 491 4303 23
509 4245 675 4313 ugnioionem
697 4246 724 4299 P
787 4247 826 4306 25
847 4247 986 4300 deducitur
1009 4249 1047 4299 P:
1077 4246 1190 4301 deducta
1214 4250 1230 4302 b

159 4332 197 4390 28
215 4333 321 4387 Simeon
332 4332 392 4386 cdd.
