3050 4984
468 400 629 456 Octauius
648 417 668 455 6.
690 401 807 457 11-13.
1157 406 1195 469 17

85 558 340 623 reuiuescentibus
355 556 470 638 potest,
486 556 663 620 uiuentibus
677 574 736 621 non
746 557 867 638 potest?
888 558 1123 623 nonneRomani
1133 559 1225 624 sinos

83 661 181 725 uestro
197 660 252 726 doo
268 661 420 743 imperant
434 659 578 743 regnant,
595 660 739 724 fruuntur
758 660 831 725 orbo
850 661 914 725 toto
929 661 1084 743 nostrique
1098 662 1197 725 domi-

83 765 212 828 nantur?
234 780 290 826 uos
304 781 375 826 uero
391 761 530 843 suspensi
545 761 670 827 interim
685 762 776 843 61666
791 763 918 828 solliciti
941 764 1074 828 honestis
1088 765 1197 847 uolup-

8 950 9 955 .
83 865 196 929 tatibus
222 865 397 944 abstinetis,
418 882 479 929 non
499 864 670 945 spectacula
684 865 803 943 uisitis,
825 884 885 931 non
899 867 1019 949 pompis
1032 867 1195 944 interestis,

8 962 9 989 ³
66 969 222 1033 rcenuiuia
237 968 360 1051 publica
374 968 488 1049 absquo
502 967 605 1045 uobis,
622 986 707 1032 sacra
722 969 895 1048 cortamina,
912 969 1103 1051 praecerptos
1114 969 1197 1034 cibos

84 1072 112 1134 ot
125 1070 277 1135 delibatos
292 1070 442 1135 altaribus
456 1072 548 1152 potus
563 1070 740 1135 abhorretis.
757 1070 802 1135 sic
816 1071 1021 1135 reformidatis
1036 1072 1107 1136 deos
1122 1090 1197 1153 quos

8 1220 9 1231 .
83 1173 208 1256 negatis.
232 1190 293 1235 non
302 1172 428 1237 fioribus
443 1174 533 1253 eaput
547 1172 685 1251 nectitis,
700 1192 760 1239 non
774 1191 882 1256 corpus
901 1174 1042 1239 odoribus
1056 1175 1197 1239 honesta·
1209 1187 1226 1239 6

8 1276 10 1361 1
82 1277 135 1340 tis:
162 1276 328 1342 reseruatis
343 1277 499 1359 unguenta
520 1276 698 1355 funeribus,
723 1296 847 1343 coronas
868 1279 962 1342 etiam
983 1280 1130 1361 sepulcris
1146 1278 1198 1343 de-

83 1379 211 1462 negatis,
226 1378 336 1460 pallidi
347 1378 470 1461 trepidi,
486 1378 694 1443 misericordia
705 1379 802 1463 digni,
814 1379 1051 1445 sednostrorum
1062 1382 1196 1445 deorum.

8 1446 10 1521 7
55 1482 124 1545 nita
142 1500 199 1546 noc
218 1482 379 1564 resurgitis
400 1481 505 1545 miseri
526 1500 580 1545 neo
600 1481 726 1546 interim
746 1482 864 1547 uiuitis.
879 1484 1005 1565 proinde
1019 1484 1045 1546 61
1060 1483 1135 1565 6611
1149 1498 1226 1551 sar

81 1584 213 1666 pientiae
228 1583 316 1647 uobis
332 1584 385 1647 aut
399 1584 599 1648 uerecundiae
615 1585 675 1661 est,
689 1583 819 1649 desinite
833 1585 910 1649 66611
923 1585 1032 1669 plagas
1044 1586 1075 1649 ot
1088 1585 1198 1650 mundi

82 1687 144 1751 fata
158 1688 191 1751 et
206 1688 324 1751 secreta
337 1686 550 1751 rimariz‘satis
566 1689 613 1751 est
627 1705 683 1769 pro
699 1688 828 1768 podibus
847 1688 982 1769 aspicere
1003 1688 1198 1753 6661166616-

82 1790 195 1866 doctis,
210 1776 366 1871 inpolitis,
382 1789 525 1867 rudibus,
542 1789 729 1872 agrestibus,
751 1789 863 1872 quibus
882 1808 942 1854 non
962 1792 1009 1855 est
1023 1790 1130 1855 datum
1150 1791 1198 1855 in·

80 1893 225 1976 tollogere
241 1891 360 1969 ciuilia,
376 1892 590 1974 multomagis
606 1892 789 1975 denegatum
804 1893 851 1956 ost
866 1893 1012 1957 disserere
1028 1893 1141 1957 diuina.

52 2015 72 2053 15
121 1994 317 2077 Quamquam
339 1994 365 2058 61
387 1994 622 2077 philosophandi
642 1994 739 2058 libido
762 1996 825 2073 ost,
848 1994 1006 2074 Socraten,
1035 1995 1199 2078 sapientiae
1212 1991 1250 2053 13

8 2140 9 2143 =
79 2099 257 2180 prinoipem,
274 2097 401 2179 quisquo
411 2098 551 2161 uestrum
565 2097 669 2161 tantus
682 2098 738 2174 ost,
760 2097 788 2160 si
803 2099 948 2178 potuerit,
962 2098 1111 2163 imitetur.
1135 2098 1200 2163 eius

79 2202 147 2279 uiri,
170 2200 311 2283 quotiens
326 2200 363 2265 16
378 2199 559 2265 caelestibus
574 2199 753 2282 rogabatur,
777 2200 850 2264 nota
864 2201 1016 2280 responsio
1032 2201 1093 2264 est:
1120 2201 1200 2281 6661
1214 2257 1219 2263 .

79 2323 170 2385 supra
196 2320 265 2378 666,
288 2302 367 2367 nihil
399 2302 438 2366 ad
463 2321 526 2367 nos.
549 2302 659 2367 morito
686 2320 757 2385 ergo
783 2302 821 2366 de
846 2302 966 2367 oraculo
987 2302 1229 2366 testimoniuma

79 2406 193 2472 meruit
204 2406 383 2489 prudentiae
394 2406 569 2489 singularis.
592 2406 674 2488 6661
685 2406 858 2483 oraculum,
873 2405 957 2468 idem
967 2404 1032 2487 ipso
1042 2404 1199 2487 persensit,

50 2509 193 2575 nidcirco
204 2508 356 2574 uniuersis
367 2527 398 2571 se
410 2526 474 2573 esse
484 2509 701 2590 praepositum,
718 2527 778 2573 666
790 2508 871 2590 6661
881 2508 984 2572 omnia
994 2507 1199 2589 comperisset,

79 2612 131 2676 sed
146 2612 230 2695 quod
244 2612 323 2675 nihil
338 2630 370 2675 so
386 2611 463 2677 sciro
478 2610 651 2675 didicisset:
667 2612 713 2675 ita
728 2610 881 2677 confessae
901 2610 1060 2691 inperitiae
1080 2629 1201 2675 summa

79 2715 244 2798 prudentia
260 2716 315 2779 ost.
338 2714 396 2779 hoc
417 2714 501 2777 fonto
516 2714 644 2779 defluxit
664 2713 821 2779 Arcesilae
841 2714 873 2803 61
886 2713 985 2778 multo
1005 2716 1075 2796 post
1089 2712 1229 2777 Carne-3

79 2818 145 2882 adis
161 2819 194 2882 et
208 2816 463 2882 Academicorum
478 2818 682 2897 plurimomm
697 2817 729 2881 in
744 2816 875 2881 summis
889 2816 1117 2898 quaestionibus
1131 2816 1202 2881 1616

80 2920 249 2997 dubitatio,
273 2938 333 3002 quo
355 2938 464 3004 genero
486 2920 694 3002 philosophari
715 2919 746 2985 et
767 2920 854 2984 caute
882 2918 997 2983 indocti
1023 2919 1151 3001 possunt
1171 2920 1201 2983 ot

131 3159 219 3214 1666
232 3156 493 3212 Ρ6.1.6661661666
509 3174 596 3211 66166
655 3157 777 3225 166661
794 3157 832 3210 P¹
893 3157 911 3213 9
929 3157 976 3210 661
986 3157 1040 3211 Pr:
1064 3159 1092 3210 61
1108 3157 1135 3210 J.
1148 3158 1200 3212 Pr.

82 3243 407 3312 1166666166(01)66666.
421 3244 463 3313 71,
485 3243 529 3295 661
540 3242 691 3309 1111616166·
717 3243 852 3310 Wopkens
868 3248 962 3296 166166
979 3242 1024 3295 661
1045 3244 1200 3311 6661116666.-

77 3330 125 3383 sed
141 3336 300 3383 666166666
312 3344 493 3396 6666666666
505 3328 618 3381 deorum
622 3369 631 3395 ,
649 3344 765 3396 6666666
775 3328 965 3381 6666666116
977 3329 1109 3395 prodesse
1125 3330 1202 3382 661116

76 3422 160 3483 pocot
208 3416 245 3471 12
258 3413 814 3481 6166661666(666661676661186666661.
823 3430 854 3480 p.
867 3416 921 3467 140
968 3414 1166 3472 151166616611
1174 3415 1203 3468 P

87 3503 98 3567 ΙΙ
122 3502 261 3555 Socratem
278 3516 294 3553 r
359 3500 395 3556 16
414 3499 534 3568 quisquis
552 3498 682 3553 Gelenius
687 3520 698 3566 ,·
717 3505 746 3551 61
763 3498 853 3553 eodem
869 3515 953 3553 66666
970 3499 1082 3568 6616666
1098 3500 1202 3552 dictem

76 3588 206 3651 6116166,
224 3592 257 3639 61
265 3601 399 3654 persaepe
410 3586 486 3653 apud
503 3585 686 3653 Cypriacam,
710 3584 734 3637 61
754 3584 869 3652 optimos
889 3584 971 3637 1611666
991 3584 1105 3651 661166,
1123 3586 1202 3637 1666-

77 3674 174 3741 61166;
194 3672 228 3725 de
236 3672 395 3740 6166666616
407 3677 497 3725 ortem
514 3672 549 3737 cf.
559 3687 587 3738 p.
601 3674 647 3735 19,
667 3673 705 3723 26
758 3671 794 3724 19
811 3669 880 3738 6661
895 3669 966 3723 idem
978 3670 1039 3737 (del.
1056 3670 1202 3735 oraculum)

80 3759 203 3813 Vrsr'reas
225 3759 238 3826 ΙΙ
260 3757 392 3826 persensit
421 3756 563 3811 Oorelr‘os:
580 3756 728 3824 praesensit
742 3755 785 3809 Pr
830 3755 870 3811 20
881 3754 1013 3809 uniuersis
1025 3771 1052 3807 se
1064 3771 1121 3807 osso
1136 3754 1200 3809 Wo-

77 3861 181 3899 roeros:
204 3844 338 3897 uniuersis
350 3858 406 3895 osso
416 3844 466 3906 Pr,
478 3842 611 3896 uniuersis
623 3858 679 3895 sese
696 3842 832 3895 Doureios
882 3841 918 3896 21
937 3840 1055 3894 confessa
1066 3840 1201 3908 imperitia

81 3930 216 3998 Vrsiroos,
236 3928 362 3983 confessio
383 3928 532 3997 imperitiae
553 3927 704 3981 Heumann
725 3926 784 3980 6611.
805 3929 894 3994 38,.1,
915 3931 1038 3979 recteest
1054 3924 1167 3978 addetur

77 4016 115 4072 22
135 4016 247 4070 arcesila
260 4017 288 4069 P
308 4016 320 4083 ΙΙ
344 4030 391 4068 666
403 4015 487 4067 multo
499 4016 560 4083 post
576 4014 678 4067 Vseroer
700 4014 713 4080 ΙΙ
736 4012 872 4066 carneadis
889 4013 918 4066 P
933 4027 1001 4066 corr.
1025 4027 1039 4063 6
1055 4010 1201 4073 carneatis;

77 4101 224 4156 Carneadis
237 4102 265 4153 et
276 4100 403 4169 Pyrronis
416 4102 443 4153 61
454 4098 534 4153 Acad
544 4099 724 4167 probabilc‘ter
739 4098 846 4153 1761166
857 4098 914 4151 6611.
928 4100 974 4163 38,
987 4098 1005 4149 5
1061 4094 1099 4150 23
1116 4095 1201 4163 pluri·

76 4202 181 4241 morum
199 4187 257 4240 Pr:
276 4186 498 4255 Pyrrhonicorum
508 4185 657 4249 1161616166,
681 4183 815 4237 iuniorum
827 4183 991 4249 Hermone,
1015 4186 1045 4233 ot
1061 4198 1087 4233 6.
1105 4180 1198 4247 Woplr.

76 4272 148 4326 lectt.
165 4272 236 4327 Τ611.
252 4276 306 4340 1,2
322 4289 351 4339 p.
369 4274 405 4325 10
425 4277 451 4324 61
470 4272 551 4338 infre
567 4273 613 4339 38,
632 4272 649 4325 5
654 4290 663 4324 .·
690 4268 776 4323 omnis
793 4266 1007 4322 Academicorum
1021 4264 1166 4318 multitudo

8 4362 11 4373 ⁸
76 4358 117 4415 24
135 4357 328 4427 philosophari]
341 4358 439 4413 6161166
452 4357 508 4411 1666
520 4357 549 4411 Ρ

131 4476 164 4515 11.
973 4442 994 4503 2
