3050 4984
530 366 686 436 Epistula
702 368 741 423 Ι..
1125 368 1184 433 141

81 525 242 591 inDomino
263 525 360 589 sciens
374 542 440 589 esse
453 524 646 605 praesidium,
667 525 790 589 scutum
818 524 890 590 fidei
904 526 935 589 et
949 522 1093 589 orationis
1108 522 1184 588 arri·

80 629 149 710 piem
162 627 273 693 mediis
287 626 420 701 flammis
435 628 518 691 totus
531 627 569 691 ad
582 627 749 692 Dominum
764 646 930 694 conuersus
941 627 1090 693 incubuit.
1112 627 1183 690 tum

79 749 134 795 noro
148 731 297 795 diuinitus
312 730 383 815 igne
397 729 550 808 submoto,
572 729 691 795 innoxio
711 730 772 794 sibi
793 731 863 795 orbe
877 730 1091 808 flammarum,
1114 746 1182 793 ora-

80 834 128 897 bat.
149 834 289 897 monachi
303 834 422 910 autem,
445 832 497 915 qni
511 849 562 914 pro
577 832 692 897 foribus
706 835 806 913 erant,
830 834 994 917 crepitante
1010 833 1041 897 et
1056 832 1178 897 conluc-

67 937 146 1001 slante
168 936 302 1001 incendii
327 953 414 1012 sono,
436 936 585 1001 obseratas
605 936 771 1020 effringimt
791 935 885 1015 fores,
908 936 1088 1018 demotoque
1109 935 1180 1018 igno

79 1040 106 1103 de
117 1040 220 1103 mediis
234 1039 370 1103 flammis
384 1038 552 1103 Martinum
564 1038 713 1118 auferunt,
730 1058 800 1105 cum
814 1039 878 1104 iam
892 1040 1013 1122 penitus
1029 1056 1098 1103 esse
1110 1055 1181 1103 con-

78 1143 198 1223 sumptus
212 1143 280 1207 tam
295 1140 438 1207 diuturno
452 1141 587 1207 incendio
601 1142 768 1224 putaretur.
792 1144 973 1207 ceterum-
985 1142 1088 1207 uerbis
1103 1141 1180 1205 meis
1193 1144 1232 1200 14

77 1245 206 1309 Dominus
220 1246 268 1308 est
282 1244 502 1308 testis-mihi
523 1244 584 1326 ipse
597 1244 745 1310 referebat
758 1246 790 1309 et
804 1264 864 1312 non
878 1246 942 1311 sins
957 1246 1081 1331 gemitu
1097 1243 1177 1309 iaie·

77 1345 161 1425 bobun,
180 1347 213 1413 in
227 1348 286 1411 hoc
301 1364 333 1410 se
347 1346 461 1412 diaboli
475 1348 539 1411 arte
552 1348 725 1429 deceptum,
740 1348 777 1412 ut
791 1366 934 1413 excussus
951 1368 967 1413 e
983 1366 1091 1413 somno
1107 1365 1178 1412 con-

60 1448 161 1513 osilium
184 1468 245 1515 non
270 1450 410 1528 haberet,
433 1467 492 1532 quo
511 1468 562 1532 per
580 1450 671 1515 fidem
686 1452 717 1515 et
731 1451 898 1516 orationem
912 1451 1050 1533 periculo
1065 1469 1178 1534 repug-

79 1552 157 1617 narat:
178 1552 308 1635 denique
322 1553 389 1616 tem
402 1552 456 1616 diu
470 1552 549 1617 circa
567 1571 595 1617 sc
610 1553 741 1618 saeuisse
761 1554 881 1638 ignem,
902 1554 1050 1636 quamdiu
1071 1572 1177 1617 erum-

79 1671 129 1733 pore
141 1655 252 1719 ostium
266 1655 409 1720 turbatus
423 1656 524 1720 mente
538 1657 740 1738 temptauerit.
755 1656 811 1721 ubi
825 1674 896 1721 uero
911 1656 1063 1721 uexillum
1079 1654 1176 1719 crucis
1190 1661 1228 1717 15

81 1757 101 1819 ot
111 1758 243 1823 orationis
258 1777 345 1823 arma
358 1758 530 1840 repetisset,
552 1759 663 1823 mediae
679 1760 803 1824 cessisse
817 1758 972 1838 flammas,
995 1758 1088 1841 seque
1104 1758 1173 1823 lum

80 1859 181 1925 cnosso
204 1862 357 1938 rorantes,
381 1878 454 1943 quas
474 1861 552 1926 male
573 1863 651 1926 esset
670 1864 810 1944 expertus
830 1864 962 1927 urentes.
988 1862 1068 1927 unde
1083 1860 1175 1925 intel·

64 1959 141 2043 1⁵logui
162 1963 301 2046 quisquis
326 1965 399 2028 haec
423 1965 545 2048 legerit,
567 1966 750 2047 temptatum
776 1964 901 2047 quidem
921 1966 975 2030 illo
999 1964 1171 2030 Martinam

82 2064 199 2144 periculo,
222 2068 277 2131 sed
292 2086 363 2132 uere
377 2067 547 2148 probatum.

118 2285 131 2341 l
147 2288 226 2341 sciens
242 2289 283 2343 V:
302 2305 350 2343 om.
364 2288 434 2342 Aac
484 2288 504 2344 4
520 2290 592 2342 erant
608 2289 673 2342 mei:
686 2288 821 2342 cubabant
838 2288 928 2343 Berol.
947 2294 973 2341 et
985 2293 1001 2342 1
1013 2287 1070 2341 cod.
1090 2286 1172 2341 Gisel.

118 2372 203 2428 bsouo
219 2375 331 2429 excitati
351 2374 456 2429 naam
478 2377 490 2443 ΙΙ
511 2374 661 2445 demotoque
680 2374 778 2429 AFV:
796 2372 947 2442 dimotaque
970 2389 987 2427 o
1017 2374 1030 2441 ll
1061 2372 1122 2441 igni
1142 2373 1170 2425 A

122 2457 179 2513 dds
193 2460 227 2514 V:
251 2460 319 2515 eod.
333 2461 428 2525 Lucii,
445 2476 493 2515 om.
506 2462 580 2515 AVo
623 2460 713 2515 uerbis
728 2460 764 2515 V:
782 2462 814 2513 ut
833 2460 922 2514 uerbis
942 2459 1013 2513 AFo
1064 2458 1082 2515 9
1101 2474 1115 2511 e
1133 2458 1171 2513 V.-

87 2543 155 2611 ieti
175 2549 249 2600 aest
269 2548 296 2616 e)
315 2547 357 2615 F,
375 2563 392 2600 a
409 2547 437 2600 A
489 2547 524 2605 12
541 2548 666 2602 uexillum
681 2547 716 2602 V:
737 2546 867 2604 auxilium
885 2545 958 2599 Ano
1016 2544 1054 2601 13
1071 2545 1172 2611 enneae

120 2628 149 2686 lb
163 2633 275 2685 martino
289 2632 316 2687 V
366 2632 403 2689 16
421 2632 467 2688 sed
477 2649 537 2687 uere
561 2634 594 2688 V:
612 2633 659 2689 sed
669 2634 726 2702 Aa,
752 2635 780 2687 et
791 2632 827 2701 F,
846 2631 892 2687 scd
903 2634 932 2685 et
943 2647 1005 2685 cam
1015 2630 1124 2685 Aldina
1137 2630 1171 2685 de

88 2709 160 2782 boio,
178 2717 223 2785 pai
242 2718 317 2785 falso
336 2720 423 2785 refert
443 2718 489 2771 sed
508 2735 568 2773 uere
585 2721 615 2775 ia
639 2719 666 2774 V
681 2718 827 2774 inductam
848 2734 904 2772 esse
927 2718 939 2785 ΙΙ
961 2716 1036 2785 Expl
1056 2714 1172 2785 epistula

87 2796 249 2870 alpiam-cii
261 2804 344 2874 coro.)
356 2804 448 2858 seueri.
466 2804 535 2858 Item
552 2805 599 2860 inc.
621 2805 738 2859 eiusdem
758 2804 792 2859 ad
813 2804 939 2859 aurilium
959 2802 1022 2857 diae
1041 2802 1076 2867 V,
1095 2800 1171 2870 Expl

87 2880 128 2947 “ill
142 2884 230 2944 Seueri
249 2890 306 2944 Inc.
318 2890 374 2944 alia
385 2890 501 2944 eiusdem
512 2889 545 2944 ad
554 2892 725 2946 Aurelianum
744 2892 804 2960 (aad
825 2892 896 2945 inimo
916 2891 948 2944 ia
970 2888 1171 2957 subscriptione

87 2970 196 3043 moun)
209 2975 352 3030 noenum
367 2976 406 3041 n,
432 2976 507 3045 uxpn
523 2976 583 3045 opu
603 2977 693 3032 auen
710 2977 744 3031 ao
760 2978 905 3033 ausonium
920 2959 1009 3046 inii.
1029 2976 1099 3030 neem
1115 2975 1172 3031 ana

87 3049 173 3111 dudem
183 3060 215 3115 ad
224 3062 401 3117 Aurelianum
411 3062 548 3117 diaconum
559 3065 586 3117 A
