3050 4984
1160 479 1227 528 XIII

94 619 258 692 secunda
281 617 407 716 utique
429 617 549 690 omitti
570 627 737 717 poterat,
761 617 933 715 quoniam
955 616 1044 690 alius
1066 614 1166 690 locus
1188 615 1226 690 in

93 765 192 812 nouo
231 738 453 838 scriptorum
477 737 801 812 ecclesiasticorum
824 762 974 836 corpore
996 736 1092 810 inter
1113 736 1226 812 libros

94 859 242 958 spurios
265 858 482 957 Hieronymi
500 857 664 958 patebat,
687 858 808 931 minus
825 857 927 930 facile
944 857 1112 956 reliquae,
1135 883 1227 955 quae

93 982 129 1055 in
154 980 282 1078 aliquo
306 979 432 1052 saltem
455 977 639 1052 uolumine
662 978 882 1079 repetendae
904 987 1017 1051 erant.
1046 1003 1086 1052 re
1115 978 1224 1077 longe

94 1101 299 1200 ponderata
322 1099 478 1198 denique
501 1098 548 1174 ob
578 1124 656 1172 eam
690 1098 803 1172 solam
834 1123 977 1172 causam
1000 1097 1224 1198 recipiendas

96 1219 325 1310 existimaui,
350 1245 395 1294 ne
418 1220 506 1319 quid
530 1219 627 1318 quod
645 1217 683 1290 in
703 1217 887 1318 superiore
906 1217 1065 1292 editione
1084 1228 1226 1294 extaret

96 1343 130 1415 in
153 1368 254 1415 noua
276 1339 550 1416 desideraretur.
582 1323 811 1417 ob⁰eandem
833 1366 976 1414 causam
998 1339 1145 1414 breuem
1169 1339 1225 1413 ui-

95 1474 167 1535 tam
189 1460 342 1560 Sulpicii
365 1487 411 1535 ex
434 1460 611 1536 Gennadii
642 1463 807 1560 catalogo
836 1460 998 1534 uirorum
1028 1459 1224 1534 illustrium

95 1584 164 1657 huo
186 1582 414 1658 adiciendam
435 1581 654 1682 putauimus.

132 2541 263 2606 Seuerus
283 2541 442 2625 presbyter
462 2541 661 2626 cognomento
683 2539 852 2624 Sulpicius,
875 2539 1079 2623 Aquitanicae
1092 2539 1218 2624 prouin-

95 2660 162 2739 ciae,
178 2660 230 2725 nir
243 2679 353 2746 genere
367 2662 399 2726 et
413 2661 590 2727 litteratura
602 2662 716 2728 nobilis
730 2663 762 2727 et
776 2661 965 2746 paupertatis
980 2664 1073 2745 atque
1087 2660 1217 2726 humili·

93 2781 163 2846 tatis
183 2799 289 2846 amore
309 2781 505 2864 conspicuus,
528 2801 616 2848 carus
630 2782 726 2848 etiam
740 2783 917 2848 sanctomm
930 2783 1068 2848 uirorum
1087 2781 1216 2847 Martini

94 2901 276 2967 Turonensis
290 2901 424 2985 episcopi
437 2903 469 2966 et
482 2902 606 2967 Paulini
617 2902 769 2982 Nolensis‚
785 2902 909 2985 scripsit
922 2921 983 2969 non
998 2902 1217 2968 contemnenda

93 3023 242 3103 opuscula.
266 3042 339 3088 nam
354 3023 499 3105 epistolas
524 3022 563 3088 ad
589 3041 725 3089 amorem
749 3023 810 3088 Dei
834 3025 866 3088 ot
880 3024 1092 3106 contemptum
1106 3022 1216 3087 mundi

92 3140 271 3208 hortatorias
282 3143 405 3226 scripsit
417 3143 512 3208 sorori
523 3161 595 3208 suae
606 3143 738 3223 multas,
755 3162 832 3226 quae
846 3145 878 3210 et
892 3146 981 3209 notae
995 3145 1076 3210 sunt.
1092 3142 1216 3226 scripsit

95 3264 171 3327 etad
186 3263 400 3345 supradIctum
414 3264 581 3328 Paulinum
594 3263 750 3329 Nolanum
766 3263 842 3329 duas
856 3266 888 3329 et
902 3264 942 3329 ad
956 3264 1032 3329 alios
1047 3264 1139 3343 alias,
1156 3265 1210 3330 sed

24 3361 25 3366 ἵ
95 3384 159 3464 quia
178 3385 213 3449 in
235 3383 391 3466 aliquibus
406 3384 502 3450 etiam
516 3383 680 3450 familiaris
694 3384 859 3450 necessitas
874 3384 989 3450 inserta
1003 3385 1066 3464 est,
1088 3403 1149 3450 non
1163 3385 1231 3476 ‹li-¹

93 3507 245 3586 geruntur.
269 3504 439 3588 composuit
459 3506 490 3570 et
504 3504 653 3571 chronica.
678 3507 802 3588 scripsit
827 3507 859 3571 et
883 3507 922 3571 ad
946 3507 1117 3572 multorum
1142 3523 1214 3589 pro-

24 3621 25 3646 l
94 3621 202 3690 fectum
218 3623 319 3690 uitem
333 3625 416 3690 beati
431 3625 559 3691 Martini
573 3626 714 3692 monachi
734 3628 767 3692 et
790 3627 939 3711 episcopi,
962 3627 1059 3711 signis
1084 3627 1116 3691 et
1140 3643 1211 3708 pro·

94 3743 179 3828 ligiis
194 3765 230 3811 ac
245 3746 416 3812 uirtutibus
430 3746 562 3811 illustris
580 3745 659 3812 uiri:
681 3747 713 3812 et
739 3747 934 3812 collationem
959 3746 1153 3812 Postumiam
1179 3745 1211 3810 et

94 3860 169 3930 Galli
182 3883 215 3931 se
229 3867 384 3932 mediante
401 3869 433 3932 et
448 3866 549 3932 iudice
570 3867 607 3932 de
632 3867 861 3934 conuersatione
875 3868 1094 3935 monachorum
1109 3866 1210 3932 orien-

93 3982 196 4050 talium
221 3986 252 4050 et
277 3985 374 4070 ipsius
399 3987 528 4052 Martmi
550 3986 690 4053 habitam
710 3989 744 4054 in
765 3988 880 4074 dialogi
895 3990 1026 4072 speciem
1041 3987 1160 4053 duabus
1174 3987 1208 4054 in

25 4137 26 4178 ;
96 4105 305 4172 mncIsionibus
320 4107 563 4190 comprehendit,
585 4108 618 4173 in
633 4127 762 4190 quarum
776 4110 876 4192 priore
895 4110 988 4176 refert
1003 4126 1057 4174 suo
1071 4109 1209 4193 tempore

26 4265 28 4368 p
96 4225 166 4304 apud
185 4226 403 4292 Alexandriam
427 4227 541 4312 synodo
563 4227 773 4311 episcoporum
800 4231 969 4308 decretum,
992 4228 1156 4314 Origenem
1176 4231 1208 4297 et

98 4345 203 4411 cautius
223 4367 242 4413 a
263 4347 453 4431 sapientibus
472 4365 526 4430 pre
540 4348 628 4414 bonis
643 4349 809 4434 legendum
822 4351 854 4416 et
868 4370 887 4416 a
900 4351 1002 4416 minus
1017 4350 1210 4436 capientibus
