3050 4984
553 356 658 428 Epist
677 355 775 411 lIIIet
786 356 818 411 V.
1166 358 1232 425 253

96 517 206 591 longae
217 516 341 590 potionis
352 516 518 576 inuerterat.
532 519 601 575 tunc
611 516 738 591 grauiter
749 515 1023 575 inmurmurantibus
1034 515 1144 587 ceteris,
1157 517 1232 589 quod

97 618 131 677 in
162 620 379 679 multitudinem
410 620 603 679 litteratorum
626 618 845 692 intempestiuus
866 618 979 677 auditor
999 617 1173 691 inrepserat,
1195 635 1231 677 ne

98 721 253 781 minimum
268 722 382 796 quidem
397 723 535 797 magister
549 722 599 781 ille
615 724 770 781 commotus
785 722 842 793 est,
859 721 908 779 sed
922 720 1018 793 potius
1033 721 1068 779 de
1079 720 1236 793 disciplina

99 841 214 883 morum
238 824 407 899 legibusque
433 825 587 884 modestiae
612 824 740 883 instituit
765 823 928 896 disputare:
951 824 1120 897 tantumque
1135 823 1231 882 ualuit

60 950 74 986 6
99 927 231 985 docentis
256 928 427 1000 auctoritas,
451 931 484 986 ut
504 927 661 1000 petulantis
682 927 764 986 illius
786 926 898 985 animus
921 927 956 984 ad
977 942 1099 985 amorem
1114 925 1230 999 pudoris

98 1030 299 1103 impelleretur.
321 1033 350 1089 et
365 1030 455 1103 primo
470 1031 583 1105 quidem
598 1032 712 1091 Polemo
727 1046 857 1089 coronam
872 1029 964 1103 capite
980 1029 1165 1088 conturbatus
1179 1029 1229 1088 de·

98 1133 199 1207 posuit
214 1133 442 1208 discipulumque
457 1133 601 1207 professus
621 1135 679 1193 est:
703 1134 739 1192 ad
754 1135 911 1192 extremum
931 1132 973 1191 ita
995 1148 1024 1191 se
1044 1132 1080 1189 ad
1102 1130 1228 1190 officium

97 1235 258 1310 grauitatis
271 1236 382 1295 inflexit
403 1253 488 1311 seque
510 1239 602 1296 totum
622 1235 757 1295 formauit
778 1236 816 1294 od·
834 1234 1047 1307 uerecundiam,
1071 1235 1105 1292 ut
1127 1233 1230 1308 prioris

97 1340 181 1398 uitae
195 1340 428 1399 consuetudinem
443 1340 600 1399 emendatio
615 1338 739 1414 gloriosa
753 1338 880 1397 texisset.
897 1339 949 1397 hoc
960 1338 1044 1410 ipsud
1059 1354 1110 1396 nos
1125 1336 1156 1394 in
1170 1336 1232 1394 tuis

63 1467 90 1506 ro
97 1442 349 1516 praeceptionibus
364 1442 550 1515 admiramur,
574 1444 648 1517 quod
668 1442 758 1500 nullis
773 1442 873 1513 minis,
905 1440 995 1499 nullis
1010 1440 1123 1499 omnine
1139 1441 1229 1498 terro-

97 1546 182 1603 ribus
202 1546 240 1603 ad
260 1546 369 1604 cultum
390 1545 442 1604 Dei
460 1562 597 1606 uaesanos
620 1545 728 1605 animos
743 1544 927 1616 condedisti,
950 1546 983 1602 ut
999 1542 1125 1602 'connisa
1151 1559 1233 1601 mens

97 1648 176 1705 illud
195 1649 323 1706 crederet
344 1665 406 1707 esse
427 1648 633 1721 rectissimum,
656 1666 720 1707 cum
740 1648 871 1707 omuibus
885 1648 955 1706 bene
969 1648 1106 1721 beatoque
1121 1646 1228 1719 uiuere,

97 1768 188 1824 quam
203 1768 269 1809 cum
284 1750 384 1823 paucis
399 1750 507 1810 iniusta
521 1751 636 1809 sentire.

478 2366 637 2479 1116
664 2366 846 2470 epistula.

62 2806 86 2843 15
138 2735 234 2834 Ilicet
257 2776 375 2835 domnus
396 2778 424 2835 et
444 2793 595 2850 germanus
615 2792 694 2835 meus
717 2776 751 2833 de
771 2777 868 2834 uestra
890 2774 1005 2847 petierit
1024 2776 1173 2835 honestate
1193 2778 1229 2835 ut

95 2879 206 2937 Tutum
229 2879 328 2937 uelitis
348 2896 408 2937 esse
430 2879 621 2951 tutissimum,
644 2881 740 2936 tamen
761 2878 833 2936 mihi
847 2878 892 2937 fas
912 2877 969 2936 luit
984 2879 1103 2937 eundem
1118 2879 1228 2939 litteris

94 2982 309 3054 commendare,
331 2984 365 3040 ut
385 2982 583 3055 conduplicata
602 2981 739 3055 petitione
766 2980 856 3039 tutior
877 2982 1030 3039 habeatur:
1053 2983 1121 3040 huic
1146 2984 1223 3041 enim

94 3084 229 3143 nocuerit
249 3084 367 3157 puerilis
389 3085 474 3157 culpa
494 3086 522 3143 et
537 3101 614 3143 error
628 3083 732 3142 astatis
747 3084 886 3155 incertae,
910 3086 942 3142 ut
958 3102 1095 3143 annorum
1111 3103 1225 3145 suorum

95 3187 184 3245 initia
199 3188 371 3246 macularet:
389 3189 438 3246 sod
452 3188 502 3261 qui
517 3189 636 3245 necdum
651 3187 736 3245 sciret
751 3186 820 3259 quid
835 3185 917 3244 bouis
926 3186 1052 3245 moribus
1067 3188 1225 3261 deberetur,

64 3307 185 3363 mprope
209 3290 271 3349 6116
290 3291 375 3364 culpa
394 3290 531 3364 peccauit.
554 3307 621 3348 nam
642 3306 671 3348 se
692 3288 741 3347 ubi
762 3290 798 3346 ad
812 3289 914 3347 bonam
929 3290 1052 3348 mentem
1068 3292 1226 3351 considera·

95 3394 263 3466 tionemque
278 3393 431 3466 conuertit,
454 3392 597 3451 intellexit
611 3392 703 3450 uitam
717 3391 856 3449 scenicam
871 3390 988 3449 consilio
1009 3392 1125 3453 meliore
1147 3395 1226 3453 dam-

95 3497 238 3554 nandam:
261 3496 328 3555 huic
343 3498 438 3555 autem
453 3496 538 3569 plena
551 3513 608 3555 non
622 3496 718 3568 posset
739 3494 851 3553 euenire
871 3495 1019 3568 purgatio,
1042 3496 1099 3554 nisi
1119 3497 1225 3556 diuini-

95 3600 170 3658 tatis
193 3615 308 3658 accessn
323 3599 428 3658 delicta
442 3599 578 3670 dilueret,
601 3598 627 3656 si
642 3598 756 3671 quidem
771 3596 926 3655 catholicae
941 3598 1088 3671 roligionis
1104 3601 1224 3659 remedio

95 3703 282 3762 commutatus
296 3719 380 3761 usum
396 3701 451 3760 sibi
465 3702 520 3760 loci
534 3701 671 3774 turpioris
685 3700 802 3773 negauit
823 3716 908 3773 seque
923 3701 959 3757 ab
975 3702 1064 3761 oculis
1080 3704 1225 3776 populari-

64 3824 86 3865 a
94 3808 153 3865 bus
166 3804 336 3864 uindicauit.

151 3988 169 4043 2
187 3987 345 4041 litterarum
356 3987 532 4057 tempestiuus
546 3988 574 4042 P
595 3989 607 4055 ΙΙ
629 3986 776 4040 neminium
789 3987 817 4040 P
890 3987 908 4045 5
927 3988 1226 4057 animus-inpelleret

95 4076 139 4143 P,
159 4073 484 4143 animum-impelleret
496 4073 556 4127 edd.
619 4072 637 4129 6
655 4073 778 4141 exposuit
790 4073 829 4137 P,
849 4088 895 4127 em.
909 4073 1047 4143 d'Acbejrp
1107 4074 1124 4130 9
1144 4077 1227 4130 texis-

95 4163 141 4215 set
153 4161 195 4214 P:
216 4158 371 4213 correxisset
383 4158 444 4213 edd.
482 4159 518 4215 12
536 4158 635 4213 rectius
646 4159 762 4213 11616161
775 4158 912 4229 d'Acberp

152 4245 192 4301 14
205 4244 304 4313 Incipit
315 4244 371 4298 alia
380 4245 408 4298 P
460 4245 496 4303 15
514 4244 624 4299 domnus
637 4245 676 4299 P:
688 4244 810 4298 domiuus
823 4244 882 4298 edd.
938 4243 973 4299 16
986 4244 1076 4297 tutum
1088 4243 1116 4296 P
1127 4241 1224 4297 6166161.

107 4334 122 4400 11
145 4329 254 4385 16111116
266 4331 294 4384 P
345 4330 384 4386 22
402 4329 546 4385 diuitnatis
559 4332 586 4384 P
597 4347 666 4385 cerr.
679 4348 712 4383 ra.
727 4331 786 4384 1e'a
798 4329 929 4384 diuinatis
