3050 4984
392 351 471 405 vita
488 352 513 405 s.
531 316 673 406 martini
689 366 711 405 e
730 348 850 408 20-22.
1116 349 1174 415 131

78 506 162 569 soluta
173 506 272 571 artius
285 507 352 571 lora
365 506 562 591 constringit,
584 507 695 572 bouem
709 506 770 571 sibi
784 523 907 571 excusso
922 506 1021 588 capite
1035 504 1114 569 inter
1128 502 1176 569 in·

78 609 155 692 guina
168 626 261 673 comu
274 609 422 693 adegisse.
444 628 499 675 nec
512 609 611 674 multo
625 611 695 692 post
708 609 808 675 uitem
821 607 964 674 reddidit.
980 606 1103 686 uideris,
1119 622 1177 689 quo

77 709 173 775 iudicio
186 711 314 777 Domini
327 710 449 777 diabolo
462 712 535 777 data
548 711 642 777 fuerit
655 712 730 778 baec
743 712 888 795 potestas.
910 711 943 775 in
953 711 1085 776 Martino
1100 709 1206 776 illudo

77 814 201 879 mirabile
226 816 307 893 erat,
329 815 410 897 quod
429 833 489 879 non
508 814 609 879 solum
628 816 700 894 hoc,
715 815 794 898 qnod
815 833 907 897 supra
920 812 1111 891 rettulimus,
1126 810 1179 876 sed

57 917 161 981 inulte
184 917 276 982 istius
301 918 401 997 modi,
423 917 450 983 si
475 918 614 1001 quotiens
634 917 829 997 accidissent,
852 916 942 1000 louge
958 913 1180 997 autespraeui·

78 1020 153 1085 debat
165 1022 221 1085 aut
234 1020 295 1085 sibi
309 1020 452 1086 nuntiata
464 1019 611 1086 iratribus
625 1020 788 1087 indicebat.

110 1122 290 1206 lbequenter
303 1124 407 1188 autem
421 1123 575 1203 diabolus,
590 1125 666 1188 dum
679 1123 767 1189 mille
777 1123 903 1189 nocendi
914 1122 1031 1188 artibus
1042 1122 1231 1189 smarnos

79 1226 165 1289 uirum
178 1226 346 1291 donabatur
359 1226 511 1306 inludere,
527 1226 683 1293 uisibilem
697 1244 729 1292 se
743 1226 772 1291 ei
786 1225 893 1291 formis
905 1223 1121 1291 diuersissimis
1132 1224 1181 1288 in·
1298 1259 1302 1281 ι

80 1328 194 1411 gerebat.
217 1347 291 1395 nam
309 1329 465 1394 interdum
483 1329 517 1393 in
541 1329 626 1394 Iouis
644 1346 818 1412 personam,
841 1328 1019 1411 plerumque
1038 1325 1181 1404 Mercuri,

60 1450 152 1513 osope
164 1432 261 1497 etiam
275 1450 309 1497 se
322 1432 449 1497 Veneris
462 1450 499 1499 ac
511 1432 668 1498 Mineruae
681 1432 933 1517 transfiguratum
948 1430 1088 1496 uultibus
1108 1428 1182 1493 offe·

81 1534 163 1599 rebat:
185 1535 333 1600 aduersus
354 1554 445 1617 quem
459 1554 578 1618 semper
592 1535 750 1601 interritus
765 1534 853 1620 signo
867 1552 899 1600 se
914 1533 1010 1599 crucis
1025 1534 1056 1599 et
1070 1530 1182 1597 oratio·

82 1638 117 1701 ris
134 1638 246 1703 auxilio
266 1638 453 1723 protegebat.
476 1638 678 1705 audiebantur
696 1639 875 1720 plerumque
895 1635 1044 1715 conuicio,
1072 1634 1211 1719 quibust

83 1740 155 1805 illum
168 1741 262 1806 turba
275 1742 458 1807 daemonum
477 1741 629 1823 proteruis
647 1741 774 1806 uocibus
794 1739 982 1822 increpabat:
1004 1738 1058 1804 sed
1083 1735 1185 1802 omnia

84 1841 144 1907 false
165 1845 196 1909 et
220 1862 303 1909 uana
327 1861 507 1928 cognoscens
530 1863 591 1909 non
617 1844 797 1909 mouebatur
825 1843 961 1909 obiectis.
995 1840 1213 1906 testabanturo

65 1945 160 2010 setiam
178 1945 278 2029 aliqui
297 1964 334 2011 ex
353 1945 516 2026 fratribus,
538 1947 659 2013 audisse
673 1965 706 2012 se
719 1947 897 2013 daemonem
910 1944 1061 2029 pretends
1075 1941 1185 2009 Marti·

86 2067 143 2111 rum
156 2049 283 2115 uocibus
297 2048 517 2132 increpantem,
540 2068 594 2115 cur
614 2050 696 2115 intra
708 2049 929 2115 monesterium
943 2048 1061 2131 aliquos
1075 2064 1110 2111 ex
1122 2043 1185 2108 fra·

87 2151 180 2231 tribus,
202 2152 259 2235 qui
273 2152 349 2217 olim
367 2152 559 2234 baptismum
572 2152 702 2217 diuersis
716 2152 868 2217 erroribus
881 2147 1098 2234 perdidissent,
1113 2164 1185 2211 con·

86 2271 167 2319 uersos
186 2257 294 2337 postea
312 2255 488 2337 recepisset,
510 2257 707 2337 exponentem
726 2254 856 2319 crimine
875 2253 1078 2337 singulorum:
1101 2248 1214 2317 Mer-4

88 2354 167 2421 tinum
185 2357 308 2423 diabolo
328 2360 548 2443 repugnantem
567 2357 756 2441 respondisse
776 2358 959 2433 constanter,
988 2352 1111 2432 antiqua
1129 2349 1184 2414 de·

69 2456 144 2523 elce
155 2460 292 2525 melioris
306 2460 391 2527 uitae
410 2460 634 2526 conuersatione
653 2460 794 2545 purgari,
816 2460 847 2524 et
870 2476 923 2541 per
947 2451 1183 2521 misericordiam

41 2593 42 2640 p
90 2560 191 2627 Domini
204 2562 407 2628 absoluendos
432 2582 497 2628 esse
521 2564 669 2646 peccatis,
692 2564 745 2646 qui
765 2579 885 2645 peccare
906 2556 1057 2624 desierint.
1080 2554 1184 2621 encra

91 2663 186 2732 deute
199 2666 339 2744 diabolo,
361 2684 421 2731 non
444 2667 595 2749 pertinere
620 2668 660 2732 ad
684 2666 807 2731 ueniam
821 2664 1010 2737 criminosos,
1033 2659 1064 2723 et
1089 2656 1184 2722 semel

91 2764 163 2848 lepsis
175 2770 296 2833 nullam
310 2787 330 2833 a
342 2769 474 2834 Domino
488 2769 637 2851 praestari
651 2787 737 2851 posse
750 2765 958 2839 clementiam,
973 2762 1047 2825 tune
1060 2759 1093 2824 in
1106 2760 1185 2825 hanc

92 2885 175 2935 uocem
192 2870 293 2937 fertur
315 2871 498 2938 exclamasse
523 2872 690 2938 Martinus:
711 2870 739 2934 si
764 2870 800 2933 tu
824 2868 901 2949 ipse,
924 2861 1123 2941 miserabilis,
1146 2860 1212 2927 abs

73 2969 228 3039 tbominum
251 2974 449 3041 insectatione
470 2976 630 3041 <iambres
651 2976 682 3040 et
702 2975 733 3037 te
754 2971 902 3037 factorum
922 2967 1045 3031 tuorum
1065 2964 1116 3030 uel
1129 2965 1187 3031 boc

93 3074 218 3157 tenpore,
240 3095 315 3141 cum
341 3077 406 3143 dies
431 3078 538 3143 iudicii
563 3078 597 3143 in
616 3074 826 3160 proximent,
846 3068 1027 3153 paeniteret,
1050 3066 1185 3152 egotibi

95 3196 147 3243 uere
168 3178 296 3245 confisus
320 3181 354 3245 in
378 3181 509 3245 Domino
534 3180 610 3250 Jesu
629 3178 747 3245 Christo
766 3171 1004 3239 misericordiam
1018 3169 1185 3253 pollicerer.

133 3368 148 3423 2
162 3386 237 3425 cornu
258 3370 381 3439 adegisse
393 3368 450 3422 BV
467 3368 526 3437 (sect
542 3368 671 3422 Vcornue
687 3361 816 3432 degesse):
835 3375 914 3414 cornu
933 3358 1055 3413 iniecisse
1070 3357 1142 3413 Amo
1164 3358 1176 3425 ΙΙ

98 3452 189 3508 bulum
199 3458 256 3511 AF
272 3457 285 3524 ll
304 3454 393 3510 reddit
404 3454 435 3507 F
450 3455 462 3522 ll
482 3453 580 3507 uideris
591 3450 690 3505 AMV:
708 3446 811 3501 uideres
827 3445 867 3510 F,
885 3444 978 3500 uidens
991 3444 1032 3513 B,
1050 3444 1150 3499 uidetis
1161 3459 1185 3511 o,

99 3536 176 3593 uiderit
192 3542 216 3595 is
236 3542 270 3597 de
291 3542 379 3595 Proto
384 3561 394 3608 ‚·
413 3546 443 3595 ot
461 3541 517 3594 iam
534 3538 671 3593 ocelim
686 3548 781 3588 ceram
793 3547 848 3586 cese
859 3532 1000 3586 lectionem
1011 3530 1111 3584 uideris
1120 3545 1185 3599 per·

99 3625 180 3694 bittit,
196 3629 230 3694 cf,
251 3629 278 3682 ei
297 3629 371 3682 tanti
384 3632 437 3695 cst,
455 3624 596 3693 Modcipie'
606 3637 714 3693 promor.
728 3619 774 3671 lat.
789 3618 811 3685 ἕ.
825 3620 881 3670 340
893 3622 947 3672 cot.
962 3621 979 3671 4
1042 3615 1060 3672 3
1078 3614 1186 3669 diabulo

104 3704 309 3782 Veteicsccpias
320 3714 351 3767 ia
363 3714 412 3767 boc
423 3727 480 3765 ace,
561 3710 579 3768 5
597 3708 620 3760 si
636 3704 757 3774 quotiens
769 3701 920 3771 ABFQV:
942 3702 1063 3771 quotiens
1084 3703 1104 3755 2
1124 3700 1187 3755 lebri

105 3789 496 3866 Gb.etc;efi1>iat.111‚c,1
516 3798 528 3864 ΙΙ
547 3791 690 3850 anteAFo
741 3788 1058 3858 eaucganoecAFc
1109 3786 1186 3843 ilco·

103 3882 222 3937 eereth
267 3882 463 3953 9personuM
502 3880 540 3938 10
555 3892 678 3947 persaepe
690 3874 762 3928 AFo
777 3876 789 3943 Η
806 3873 945 3927 enimAF
989 3873 1025 3930 12
1044 3870 1186 3927 audieban-

103 3961 288 4040 tresMQV:
307 3969 481 4023 audiebantur
501 3965 609 4019 etiamn
673 3962 709 4019 15
728 3976 755 4015 se
776 3975 824 4014 occ.
837 3957 892 4028 FQ
956 3957 993 4015 17
1010 3956 1188 4027 prodidissent

105 4049 336 4110 mtteeePrato
405 4052 442 4110 18
458 4050 597 4120 recipisset
612 4049 638 4102 V
703 4046 742 4103 20
758 4044 926 4099 conuersione
943 4045 969 4099 V
982 4050 1008 4097 el
1025 4042 1082 4099 cod.
1095 4042 1185 4096 Berol.

142 4135 173 4192 21
188 4139 310 4195 desierint
320 4140 411 4195 BMV
413 4159 422 4192 .·
440 4137 589 4191 desinerent
606 4134 676 4189 AFo
727 4132 765 4188 23
784 4130 915 4200 praestari
934 4144 1009 4198 posse
1021 4128 1094 4183 clem.
1117 4128 1187 4182 BV:

107 4224 211 4281 lrbtsteri
221 4226 293 4281 clem.
305 4226 373 4293 AF,
392 4224 465 4278 clem.
478 4220 636 4291 praestatio
688 4217 727 4275 24
743 4232 759 4270 o
771 4215 932 4270 miserabilis
943 4214 1015 4269 AFo
1067 4213 1104 4270 27
1122 4213 1193 4269 Jesu

110 4298 192 4361 uma
206 4311 241 4365 V:
259 4310 361 4368 Christi
373 4309 444 4364 AFo

943 4387 988 4452 9*
