<?xml version="1.0" encoding="UTF-8"?>
<!DOCTYPE html PUBLIC "-//W3C//DTD XHTML 1.0 Transitional//EN"
    "http://www.w3.org/TR/xhtml1/DTD/xhtml1-transitional.dtd">
<html xmlns="http://www.w3.org/1999/xhtml" xml:lang="en" lang="en">
 <head>
  <title>
</title>
<meta http-equiv="Content-Type" content="text/html;charset=utf-8" />
  <meta name='ocr-system' content='tesseract 3.04.00' />
  <meta name='ocr-capabilities' content='ocr_page ocr_carea ocr_par ocr_line ocrx_word'/>
</head>
<body>
  <div class='ocr_page' id='page_1' title='image "./corpusscriptoru02wissgoog_0050.png"; bbox 0 0 3050 4984; ppageno 0'>
   <div class='ocr_carea' id='block_1_1' title="bbox 274 363 973 442">
    <p class='ocr_par' dir='ltr' id='par_1_1' title="bbox 274 363 973 442">
     <span class='ocr_line' id='line_1_1' title="bbox 274 363 973 442; baseline 0.007 -21"><span class='ocrx_word' id='word_1_1' title='bbox 274 363 317 433; x_wconf 76' lang='grc'><strong>22</strong></span> <span class='ocrx_word' id='word_1_2' title='bbox 694 370 840 442; x_wconf 86' lang='lat' dir='ltr'><strong>Sulpicii</strong></span> <span class='ocrx_word' id='word_1_3' title='bbox 858 371 973 426; x_wconf 82' lang='lat' dir='ltr'><strong>Seueri</strong></span> 
     </span>
    </p>
   </div>
   <div class='ocr_carea' id='block_1_2' title="bbox 220 523 1434 2982">
    <p class='ocr_par' dir='ltr' id='par_1_2' title="bbox 272 523 1396 816">
     <span class='ocr_line' id='line_1_2' title="bbox 273 523 1396 607; baseline 0.004 -20"><span class='ocrx_word' id='word_1_4' title='bbox 273 523 398 588; x_wconf 88' lang='lat' dir='ltr'><strong>ualeret.</strong></span> <span class='ocrx_word' id='word_1_5' title='bbox 421 524 473 589; x_wconf 88' lang='lat' dir='ltr'><strong>sed</strong></span> <span class='ocrx_word' id='word_1_6' title='bbox 488 544 559 590; x_wconf 89' lang='lat' dir='ltr'><strong>oum</strong></span> <span class='ocrx_word' id='word_1_7' title='bbox 574 528 718 593; x_wconf 83' lang='lat' dir='ltr'><strong>mandata</strong></span> <span class='ocrx_word' id='word_1_8' title='bbox 732 529 790 594; x_wconf 89' lang='lat' dir='ltr'><strong>Dei</strong></span> <span class='ocrx_word' id='word_1_9' title='bbox 804 528 956 593; x_wconf 78' lang='lat' dir='ltr'><strong>relaturus</strong></span> <span class='ocrx_word' id='word_1_10' title='bbox 970 528 1064 607; x_wconf 89' lang='lat' dir='ltr'><strong>esset,</strong></span> <span class='ocrx_word' id='word_1_11' title='bbox 1085 527 1210 592; x_wconf 89' lang='lat' dir='ltr'><strong>uultum</strong></span> <span class='ocrx_word' id='word_1_12' title='bbox 1223 526 1396 592; x_wconf 85' lang='lat' dir='ltr'><strong>uelamento</strong></span> 
     </span>
     <span class='ocr_line' id='line_1_3' title="bbox 273 627 1395 713; baseline 0.003 -23"><span class='ocrx_word' id='word_1_13' title='bbox 273 627 404 706; x_wconf 77' lang='lat' dir='ltr'><strong>obtexit,</strong></span> <span class='ocrx_word' id='word_1_14' title='bbox 426 628 517 710; x_wconf 86' lang='lat' dir='ltr'><strong>etque</strong></span> <span class='ocrx_word' id='word_1_15' title='bbox 539 629 584 694; x_wconf 90' lang='lat' dir='ltr'><strong>ita</strong></span> <span class='ocrx_word' id='word_1_16' title='bbox 597 631 636 694; x_wconf 87' lang='lat' dir='ltr'><strong>od</strong></span> <span class='ocrx_word' id='word_1_17' title='bbox 651 631 799 713; x_wconf 90' lang='lat' dir='ltr'><strong>populum</strong></span> <span class='ocrx_word' id='word_1_18' title='bbox 813 631 915 696; x_wconf 87' lang='lat' dir='ltr'><strong>uerbis</strong></span> <span class='ocrx_word' id='word_1_19' title='bbox 930 631 988 696; x_wconf 90' lang='lat' dir='ltr'><strong>Dei</strong></span> <span class='ocrx_word' id='word_1_20' title='bbox 1001 631 1122 696; x_wconf 88' lang='lat' dir='ltr'><strong>locotus</strong></span> <span class='ocrx_word' id='word_1_21' title='bbox 1135 630 1192 695; x_wconf 91' lang='lat' dir='ltr'><strong>est.</strong></span> <span class='ocrx_word' id='word_1_22' title='bbox 1213 631 1271 694; x_wconf 89' lang='lat' dir='ltr'><strong>boo</strong></span> <span class='ocrx_word' id='word_1_23' title='bbox 1283 629 1316 694; x_wconf 92' lang='lat' dir='ltr'><strong>in</strong></span> <span class='ocrx_word' id='word_1_24' title='bbox 1330 629 1395 693; x_wconf 93' lang='lat' dir='ltr'><strong>looo</strong></span> 
     </span>
     <span class='ocr_line' id='line_1_4' title="bbox 272 731 1395 816; baseline 0.001 -21"><span class='ocrx_word' id='word_1_25' title='bbox 272 731 503 796; x_wconf 85' lang='lat' dir='ltr'><strong>tabernaculum</strong></span> <span class='ocrx_word' id='word_1_26' title='bbox 524 733 764 816; x_wconf 89' lang='lat' dir='ltr'><strong>interiorumque</strong></span> <span class='ocrx_word' id='word_1_27' title='bbox 785 735 851 799; x_wconf 88' lang='lat' dir='ltr'><strong>eins</strong></span> <span class='ocrx_word' id='word_1_28' title='bbox 872 734 1041 799; x_wconf 86' lang='lat' dir='ltr'><strong>aedificatio</strong></span> <span class='ocrx_word' id='word_1_29' title='bbox 1061 733 1216 798; x_wconf 84' lang='lat' dir='ltr'><strong>referetur.</strong></span> <span class='ocrx_word' id='word_1_30' title='bbox 1243 751 1302 815; x_wconf 88' lang='lat' dir='ltr'><strong>quo</strong></span> <span class='ocrx_word' id='word_1_31' title='bbox 1324 751 1395 796; x_wconf 91' lang='lat' dir='ltr'><strong>oon-</strong></span> 
     </span>
    </p>

    <p class='ocr_par' dir='ltr' id='par_1_3' title="bbox 223 835 1434 1124">
     <span class='ocr_line' id='line_1_5' title="bbox 223 835 1396 920; baseline 0.001 -22"><span class='ocrx_word' id='word_1_32' title='bbox 223 835 262 890; x_wconf 88' lang='lat'><strong>10</strong></span> <span class='ocrx_word' id='word_1_33' title='bbox 272 837 425 900; x_wconf 80' lang='lat' dir='ltr'><strong>summoto</strong></span> <span class='ocrx_word' id='word_1_34' title='bbox 440 836 535 901; x_wconf 85' lang='lat' dir='ltr'><strong>nubes</strong></span> <span class='ocrx_word' id='word_1_35' title='bbox 550 855 677 918; x_wconf 87' lang='lat' dir='ltr'><strong>superne</strong></span> <span class='ocrx_word' id='word_1_36' title='bbox 692 837 807 902; x_wconf 87' lang='lat' dir='ltr'><strong>decidit</strong></span> <span class='ocrx_word' id='word_1_37' title='bbox 820 838 912 920; x_wconf 88' lang='lat' dir='ltr'><strong>atquo</strong></span> <span class='ocrx_word' id='word_1_38' title='bbox 924 838 971 902; x_wconf 89' lang='lat' dir='ltr'><strong>ita</strong></span> <span class='ocrx_word' id='word_1_39' title='bbox 984 837 1214 902; x_wconf 82' lang='lat' dir='ltr'><strong>tabernaculum</strong></span> <span class='ocrx_word' id='word_1_40' title='bbox 1232 835 1396 900; x_wconf 88' lang='lat' dir='ltr'><strong>obumbra·</strong></span> 
     </span>
     <span class='ocr_line' id='line_1_6' title="bbox 271 937 1434 1024; baseline 0 -22"><span class='ocrx_word' id='word_1_41' title='bbox 271 937 334 1018; x_wconf 89' lang='lat' dir='ltr'><strong>uit,</strong></span> <span class='ocrx_word' id='word_1_42' title='bbox 355 941 391 1004; x_wconf 90' lang='lat' dir='ltr'><strong>ut</strong></span> <span class='ocrx_word' id='word_1_43' title='bbox 410 939 513 1021; x_wconf 90' lang='lat' dir='ltr'><strong>ipsum</strong></span> <span class='ocrx_word' id='word_1_44' title='bbox 532 941 657 1024; x_wconf 79' lang='lat' dir='ltr'><strong>Moysen</strong></span> <span class='ocrx_word' id='word_1_45' title='bbox 676 940 764 1005; x_wconf 87' lang='lat' dir='ltr'><strong>aditu</strong></span> <span class='ocrx_word' id='word_1_46' title='bbox 783 941 962 1005; x_wconf 81' lang='lat' dir='ltr'><strong>excluderet.</strong></span> <span class='ocrx_word' id='word_1_47' title='bbox 983 940 1058 1005; x_wconf 88' lang='lat' dir='ltr'><strong>haee</strong></span> <span class='ocrx_word' id='word_1_48' title='bbox 1076 939 1138 1004; x_wconf 79' lang='lat' dir='ltr'><strong>lere</strong></span> <span class='ocrx_word' id='word_1_49' title='bbox 1158 939 1276 1004; x_wconf 91' lang='lat' dir='ltr'><strong>duobus</strong></span> <span class='ocrx_word' id='word_1_50' title='bbox 1296 937 1394 1017; x_wconf 90' lang='lat' dir='ltr'><strong>libris,</strong></span> <span class='ocrx_word' id='word_1_51' title='bbox 1418 963 1434 1002; x_wconf 79' lang='grc'>1</span> 
     </span>
     <span class='ocr_line' id='line_1_7' title="bbox 271 1039 832 1124; baseline 0.004 -18"><span class='ocrx_word' id='word_1_52' title='bbox 271 1039 382 1106; x_wconf 78' lang='lat' dir='ltr'><strong>Genesi</strong></span> <span class='ocrx_word' id='word_1_53' title='bbox 397 1043 487 1124; x_wconf 89' lang='lat' dir='ltr'><strong>atquo</strong></span> <span class='ocrx_word' id='word_1_54' title='bbox 501 1043 615 1122; x_wconf 82' lang='lat' dir='ltr'><strong>Exodo,</strong></span> <span class='ocrx_word' id='word_1_55' title='bbox 631 1044 832 1108; x_wconf 86' lang='lat' dir='ltr'><strong>continentur.</strong></span> 
     </span>
    </p>

    <p class='ocr_par' dir='ltr' id='par_1_4' title="bbox 220 1144 1433 1540">
     <span class='ocr_line' id='line_1_8' title="bbox 220 1144 1394 1229; baseline 0.001 -22"><span class='ocrx_word' id='word_1_56' title='bbox 220 1145 264 1207; x_wconf 80' lang='grc'><strong>11</strong></span> <span class='ocrx_word' id='word_1_57' title='bbox 313 1145 392 1210; x_wconf 80' lang='lat' dir='ltr'><strong>Exin</strong></span> <span class='ocrx_word' id='word_1_58' title='bbox 409 1146 564 1210; x_wconf 87' lang='lat' dir='ltr'><strong>Leuitious</strong></span> <span class='ocrx_word' id='word_1_59' title='bbox 585 1146 664 1212; x_wconf 90' lang='lat' dir='ltr'><strong>liber</strong></span> <span class='ocrx_word' id='word_1_60' title='bbox 674 1147 826 1229; x_wconf 86' lang='lat' dir='ltr'><strong>sequitur,</strong></span> <span class='ocrx_word' id='word_1_61' title='bbox 849 1147 883 1211; x_wconf 89' lang='lat' dir='ltr'><strong>in</strong></span> <span class='ocrx_word' id='word_1_62' title='bbox 897 1164 956 1228; x_wconf 93' lang='lat' dir='ltr'><strong>quo</strong></span> <span class='ocrx_word' id='word_1_63' title='bbox 969 1145 1081 1211; x_wconf 84' lang='lat' dir='ltr'><strong>litandi</strong></span> <span class='ocrx_word' id='word_1_64' title='bbox 1095 1146 1254 1228; x_wconf 83' lang='lat' dir='ltr'><strong>praecepta</strong></span> <span class='ocrx_word' id='word_1_65' title='bbox 1266 1144 1394 1208; x_wconf 85' lang='lat' dir='ltr'><strong>tradun-</strong></span> 
     </span>
     <span class='ocr_line' id='line_1_9' title="bbox 269 1246 1394 1333; baseline -0.001 -21"><span class='ocrx_word' id='word_1_66' title='bbox 269 1249 330 1327; x_wconf 89' lang='lat' dir='ltr'><strong>tur,</strong></span> <span class='ocrx_word' id='word_1_67' title='bbox 340 1249 483 1314; x_wconf 87' lang='lat' dir='ltr'><strong>mandata</strong></span> <span class='ocrx_word' id='word_1_68' title='bbox 493 1249 588 1314; x_wconf 83' lang='lat' dir='ltr'><strong>etiarn</strong></span> <span class='ocrx_word' id='word_1_69' title='bbox 599 1251 679 1315; x_wconf 85' lang='lat' dir='ltr'><strong>latae</strong></span> <span class='ocrx_word' id='word_1_70' title='bbox 690 1250 829 1332; x_wconf 85' lang='lat' dir='ltr'><strong>superius</strong></span> <span class='ocrx_word' id='word_1_71' title='bbox 839 1249 903 1333; x_wconf 92' lang='lat' dir='ltr'><strong>legi</strong></span> <span class='ocrx_word' id='word_1_72' title='bbox 912 1249 1074 1328; x_wconf 85' lang='lat' dir='ltr'><strong>adduntur,</strong></span> <span class='ocrx_word' id='word_1_73' title='bbox 1083 1249 1173 1331; x_wconf 85' lang='lat' dir='ltr'><strong>plena</strong></span> <span class='ocrx_word' id='word_1_74' title='bbox 1182 1246 1285 1312; x_wconf 88' lang='lat' dir='ltr'><strong>omnia</strong></span> <span class='ocrx_word' id='word_1_75' title='bbox 1295 1265 1394 1312; x_wconf 82' lang='lat' dir='ltr'><strong>sacer-</strong></span> 
     </span>
     <span class='ocr_line' id='line_1_10' title="bbox 269 1351 1394 1438; baseline -0.003 -21"><span class='ocrx_word' id='word_1_76' title='bbox 269 1352 422 1418; x_wconf 88' lang='lat' dir='ltr'><strong>dotalibus</strong></span> <span class='ocrx_word' id='word_1_77' title='bbox 436 1353 598 1419; x_wconf 87' lang='lat' dir='ltr'><strong>institutis.</strong></span> <span class='ocrx_word' id='word_1_78' title='bbox 622 1372 698 1437; x_wconf 90' lang='lat' dir='ltr'><strong>quae</strong></span> <span class='ocrx_word' id='word_1_79' title='bbox 712 1355 739 1418; x_wconf 94' lang='lat' dir='ltr'><strong>si</strong></span> <span class='ocrx_word' id='word_1_80' title='bbox 754 1355 823 1437; x_wconf 92' lang='lat' dir='ltr'><strong>quis</strong></span> <span class='ocrx_word' id='word_1_81' title='bbox 837 1371 1014 1438; x_wconf 70' lang='lat' dir='ltr'><strong>cognoscere</strong></span> <span class='ocrx_word' id='word_1_82' title='bbox 1027 1353 1125 1431; x_wconf 88' lang='lat' dir='ltr'><strong>uolet,</strong></span> <span class='ocrx_word' id='word_1_83' title='bbox 1146 1351 1310 1436; x_wconf 81' lang='lat' dir='ltr'><strong>perfectius</strong></span> <span class='ocrx_word' id='word_1_84' title='bbox 1322 1351 1394 1415; x_wconf 89' lang='lat' dir='ltr'><strong>indo</strong></span> 
     </span>
     <span class='ocr_line' id='line_1_11' title="bbox 269 1454 1433 1540; baseline -0.003 -20"><span class='ocrx_word' id='word_1_85' title='bbox 269 1455 376 1538; x_wconf 87' lang='lat' dir='ltr'><strong>capiet.</strong></span> <span class='ocrx_word' id='word_1_86' title='bbox 393 1474 447 1520; x_wconf 89' lang='lat' dir='ltr'><strong>nos</strong></span> <span class='ocrx_word' id='word_1_87' title='bbox 463 1457 545 1522; x_wconf 91' lang='lat' dir='ltr'><strong>enirn</strong></span> <span class='ocrx_word' id='word_1_88' title='bbox 560 1457 692 1540; x_wconf 86' lang='lat' dir='ltr'><strong>suscepti</strong></span> <span class='ocrx_word' id='word_1_89' title='bbox 706 1458 805 1540; x_wconf 91' lang='lat' dir='ltr'><strong>operis</strong></span> <span class='ocrx_word' id='word_1_90' title='bbox 819 1458 946 1521; x_wconf 87' lang='lat' dir='ltr'><strong>modum</strong></span> <span class='ocrx_word' id='word_1_91' title='bbox 961 1457 1164 1521; x_wconf 74' lang='lat' dir='ltr'><strong>custodientes</strong></span> <span class='ocrx_word' id='word_1_92' title='bbox 1178 1455 1274 1520; x_wconf 82' lang='lat' dir='ltr'><strong>solam</strong></span> <span class='ocrx_word' id='word_1_93' title='bbox 1294 1454 1393 1518; x_wconf 85' lang='lat' dir='ltr'><strong>histo-</strong></span> <span class='ocrx_word' id='word_1_94' title='bbox 1402 1477 1433 1517; x_wconf 83' lang='lat' dir='ltr'><strong>ro</strong></span> 
     </span>
    </p>

    <p class='ocr_par' dir='ltr' id='par_1_5' title="bbox 234 1555 1431 2982">
     <span class='ocr_line' id='line_1_12' title="bbox 240 1555 1392 1645; baseline -0.001 -22"><span class='ocrx_word' id='word_1_95' title='bbox 240 1569 257 1622; x_wconf 83' lang='lat'>2</span> <span class='ocrx_word' id='word_1_96' title='bbox 268 1558 347 1624; x_wconf 85' lang='lat' dir='ltr'><strong>riam</strong></span> <span class='ocrx_word' id='word_1_97' title='bbox 360 1561 577 1643; x_wconf 82' lang='lat' dir='ltr'><strong>persequimur.</strong></span> <span class='ocrx_word' id='word_1_98' title='bbox 604 1561 706 1645; x_wconf 84' lang='lat' dir='ltr'><strong>Igitur</strong></span> <span class='ocrx_word' id='word_1_99' title='bbox 719 1561 796 1625; x_wconf 85' lang='lat' dir='ltr'><strong>Leni</strong></span> <span class='ocrx_word' id='word_1_100' title='bbox 809 1560 894 1625; x_wconf 86' lang='lat' dir='ltr'><strong>tribu</strong></span> <span class='ocrx_word' id='word_1_101' title='bbox 908 1560 941 1625; x_wconf 92' lang='lat' dir='ltr'><strong>in</strong></span> <span class='ocrx_word' id='word_1_102' title='bbox 955 1560 1158 1625; x_wconf 86' lang='lat' dir='ltr'><strong>sacerdotium</strong></span> <span class='ocrx_word' id='word_1_103' title='bbox 1171 1559 1330 1642; x_wconf 86' lang='lat' dir='ltr'><strong>segregata</strong></span> <span class='ocrx_word' id='word_1_104' title='bbox 1343 1555 1392 1622; x_wconf 79' lang='lat' dir='ltr'><strong>&#39;ro-</strong></span> 
     </span>
     <span class='ocr_line' id='line_1_13' title="bbox 239 1650 1392 1746; baseline -0.005 -15"><span class='ocrx_word' id='word_1_105' title='bbox 239 1661 369 1745; x_wconf 87' lang='lat' dir='ltr'><strong>31iquae</strong></span> <span class='ocrx_word' id='word_1_106' title='bbox 383 1662 483 1727; x_wconf 88' lang='lat' dir='ltr'><strong>tribus</strong></span> <span class='ocrx_word' id='word_1_107' title='bbox 498 1663 706 1728; x_wconf 83' lang='lat' dir='ltr'><strong>dinumeratae</strong></span> <span class='ocrx_word' id='word_1_108' title='bbox 721 1665 899 1746; x_wconf 84' lang='lat' dir='ltr'><strong>repertaque</strong></span> <span class='ocrx_word' id='word_1_109' title='bbox 912 1665 1073 1728; x_wconf 90' lang='lat' dir='ltr'><strong>hominum</strong></span> <span class='ocrx_word' id='word_1_110' title='bbox 1086 1651 1132 1728; x_wconf 63' lang='lat' dir='ltr'><strong>rTc</strong></span> <span class='ocrx_word' id='word_1_111' title='bbox 1152 1664 1184 1727; x_wconf 90' lang='lat' dir='ltr'><strong>et</strong></span> <span class='ocrx_word' id='word_1_112' title='bbox 1196 1650 1238 1728; x_wconf 70' lang='lat' dir='ltr'><strong>{fi</strong></span> <span class='ocrx_word' id='word_1_113' title='bbox 1257 1680 1291 1726; x_wconf 91' lang='lat' dir='ltr'><strong>n.</strong></span> <span class='ocrx_word' id='word_1_114' title='bbox 1320 1679 1392 1725; x_wconf 91' lang='lat' dir='ltr'><strong>oum</strong></span> 
     </span>
     <span class='ocr_line' id='line_1_14' title="bbox 267 1764 1392 1850; baseline -0.001 -22"><span class='ocrx_word' id='word_1_115' title='bbox 267 1782 338 1848; x_wconf 89' lang='lat' dir='ltr'><strong>ergo</strong></span> <span class='ocrx_word' id='word_1_116' title='bbox 353 1767 483 1847; x_wconf 89' lang='lat' dir='ltr'><strong>populus</strong></span> <span class='ocrx_word' id='word_1_117' title='bbox 498 1785 625 1830; x_wconf 89' lang='lat' dir='ltr'><strong>mannae</strong></span> <span class='ocrx_word' id='word_1_118' title='bbox 640 1766 722 1844; x_wconf 88' lang='lat' dir='ltr'><strong>cibo,</strong></span> <span class='ocrx_word' id='word_1_119' title='bbox 738 1768 880 1850; x_wconf 88' lang='lat' dir='ltr'><strong>utsupra</strong></span> <span class='ocrx_word' id='word_1_120' title='bbox 893 1768 1071 1845; x_wconf 82' lang='lat' dir='ltr'><strong>retulimus,</strong></span> <span class='ocrx_word' id='word_1_121' title='bbox 1093 1768 1244 1844; x_wconf 87' lang='lat' dir='ltr'><strong>uteretur,</strong></span> <span class='ocrx_word' id='word_1_122' title='bbox 1259 1764 1308 1828; x_wconf 86' lang='lat' dir='ltr'><strong>tot</strong></span> <span class='ocrx_word' id='word_1_123' title='bbox 1321 1765 1392 1828; x_wconf 86' lang='lat' dir='ltr'><strong>tan-</strong></span> 
     </span>
     <span class='ocr_line' id='line_1_15' title="bbox 265 1866 1391 1954; baseline 0.001 -24"><span class='ocrx_word' id='word_1_124' title='bbox 265 1866 366 1949; x_wconf 89' lang='lat' dir='ltr'><strong>tisque</strong></span> <span class='ocrx_word' id='word_1_125' title='bbox 380 1868 533 1933; x_wconf 87' lang='lat' dir='ltr'><strong>boneficiis</strong></span> <span class='ocrx_word' id='word_1_126' title='bbox 544 1869 611 1946; x_wconf 90' lang='lat' dir='ltr'><strong>Dei,</strong></span> <span class='ocrx_word' id='word_1_127' title='bbox 630 1870 665 1934; x_wconf 91' lang='lat' dir='ltr'><strong>ut</strong></span> <span class='ocrx_word' id='word_1_128' title='bbox 680 1888 807 1952; x_wconf 89' lang='lat' dir='ltr'><strong>semper,</strong></span> <span class='ocrx_word' id='word_1_129' title='bbox 824 1871 964 1954; x_wconf 87' lang='lat' dir='ltr'><strong>ingratus</strong></span> <span class='ocrx_word' id='word_1_130' title='bbox 974 1870 1061 1948; x_wconf 84' lang='lat' dir='ltr'><strong>uites,</strong></span> <span class='ocrx_word' id='word_1_131' title='bbox 1077 1870 1188 1952; x_wconf 88' lang='lat' dir='ltr'><strong>quibus</strong></span> <span class='ocrx_word' id='word_1_132' title='bbox 1201 1869 1238 1933; x_wconf 92' lang='lat' dir='ltr'><strong>in</strong></span> <span class='ocrx_word' id='word_1_133' title='bbox 1248 1867 1391 1951; x_wconf 85' lang='lat' dir='ltr'><strong>Aegypto</strong></span> 
     </span>
     <span class='ocr_line' id='line_1_16' title="bbox 237 1969 1428 2055; baseline 0 -23"><span class='ocrx_word' id='word_1_134' title='bbox 237 1972 454 2049; x_wconf 85' lang='lat' dir='ltr'><strong>4assueuerat,</strong></span> <span class='ocrx_word' id='word_1_135' title='bbox 483 1971 682 2036; x_wconf 83' lang='lat' dir='ltr'><strong>desiderabat.</strong></span> <span class='ocrx_word' id='word_1_136' title='bbox 712 1974 782 2037; x_wconf 90' lang='lat' dir='ltr'><strong>tum</strong></span> <span class='ocrx_word' id='word_1_137' title='bbox 803 1974 892 2038; x_wconf 87' lang='lat' dir='ltr'><strong>Deus</strong></span> <span class='ocrx_word' id='word_1_138' title='bbox 912 1974 1083 2038; x_wconf 88' lang='lat' dir='ltr'><strong>inmensam</strong></span> <span class='ocrx_word' id='word_1_139' title='bbox 1110 1972 1226 2055; x_wconf 86' lang='lat' dir='ltr'><strong>oopiam</strong></span> <span class='ocrx_word' id='word_1_140' title='bbox 1254 1969 1390 2035; x_wconf 87' lang='lat' dir='ltr'><strong>coturni·</strong></span> <span class='ocrx_word' id='word_1_141' title='bbox 1399 1992 1428 2032; x_wconf 77' lang='lat' dir='ltr'><strong>rs</strong></span> 
     </span>
     <span class='ocr_line' id='line_1_17' title="bbox 266 2073 1390 2158; baseline 0.002 -22"><span class='ocrx_word' id='word_1_142' title='bbox 266 2089 337 2136; x_wconf 87' lang='lat' dir='ltr'><strong>oum</strong></span> <span class='ocrx_word' id='word_1_143' title='bbox 352 2073 459 2138; x_wconf 90' lang='lat' dir='ltr'><strong>castris</strong></span> <span class='ocrx_word' id='word_1_144' title='bbox 474 2074 596 2139; x_wconf 89' lang='lat' dir='ltr'><strong>intulit:</strong></span> <span class='ocrx_word' id='word_1_145' title='bbox 618 2093 692 2158; x_wconf 84' lang='lat' dir='ltr'><strong>quas</strong></span> <span class='ocrx_word' id='word_1_146' title='bbox 713 2093 784 2141; x_wconf 90' lang='lat' dir='ltr'><strong>oum</strong></span> <span class='ocrx_word' id='word_1_147' title='bbox 805 2076 896 2141; x_wconf 86' lang='lat' dir='ltr'><strong>auide</strong></span> <span class='ocrx_word' id='word_1_148' title='bbox 909 2076 1083 2158; x_wconf 87' lang='lat' dir='ltr'><strong>diriperent,</strong></span> <span class='ocrx_word' id='word_1_149' title='bbox 1098 2075 1283 2158; x_wconf 89' lang='lat' dir='ltr'><strong>primoribus</strong></span> <span class='ocrx_word' id='word_1_150' title='bbox 1297 2073 1390 2138; x_wconf 86' lang='lat' dir='ltr'><strong>labiis</strong></span> 
     </span>
     <span class='ocr_line' id='line_1_18' title="bbox 265 2175 1389 2264; baseline 0.001 -25"><span class='ocrx_word' id='word_1_151' title='bbox 265 2175 397 2240; x_wconf 90' lang='lat' dir='ltr'><strong>admotis</strong></span> <span class='ocrx_word' id='word_1_152' title='bbox 410 2177 549 2242; x_wconf 85' lang='lat' dir='ltr'><strong>carnibus</strong></span> <span class='ocrx_word' id='word_1_153' title='bbox 561 2178 736 2244; x_wconf 84' lang='lat' dir='ltr'><strong>interibant.</strong></span> <span class='ocrx_word' id='word_1_154' title='bbox 749 2198 920 2264; x_wconf 87' lang='lat' dir='ltr'><strong>magnaque</strong></span> <span class='ocrx_word' id='word_1_155' title='bbox 931 2198 965 2244; x_wconf 91' lang='lat' dir='ltr'><strong>eo</strong></span> <span class='ocrx_word' id='word_1_156' title='bbox 977 2179 1026 2244; x_wconf 92' lang='lat' dir='ltr'><strong>die</strong></span> <span class='ocrx_word' id='word_1_157' title='bbox 1036 2179 1070 2244; x_wconf 92' lang='lat' dir='ltr'><strong>in</strong></span> <span class='ocrx_word' id='word_1_158' title='bbox 1080 2179 1188 2243; x_wconf 84' lang='lat' dir='ltr'><strong>castris</strong></span> <span class='ocrx_word' id='word_1_159' title='bbox 1203 2177 1303 2242; x_wconf 84' lang='lat' dir='ltr'><strong>clades</strong></span> <span class='ocrx_word' id='word_1_160' title='bbox 1317 2177 1389 2256; x_wconf 88' lang='lat' dir='ltr'><strong>fnit,</strong></span> 
     </span>
     <span class='ocr_line' id='line_1_19' title="bbox 264 2263 1390 2365; baseline 0 -22"><span class='ocrx_word' id='word_1_161' title='bbox 264 2277 337 2343; x_wconf 87' lang='lat' dir='ltr'><strong>adeo</strong></span> <span class='ocrx_word' id='word_1_162' title='bbox 353 2281 389 2344; x_wconf 91' lang='lat' dir='ltr'><strong>ut</strong></span> <span class='ocrx_word' id='word_1_163' title='bbox 399 2263 450 2345; x_wconf 62' lang='lat' dir='ltr'><strong>{n</strong></span> <span class='ocrx_word' id='word_1_164' title='bbox 464 2282 496 2347; x_wconf 88' lang='lat' dir='ltr'><strong>ot</strong></span> <span class='ocrx_word' id='word_1_165' title='bbox 507 2265 551 2347; x_wconf 65' lang='lat' dir='ltr'><strong>rr&#39;r</strong></span> <span class='ocrx_word' id='word_1_166' title='bbox 565 2283 702 2347; x_wconf 85' lang='lat' dir='ltr'><strong>virorum</strong></span> <span class='ocrx_word' id='word_1_167' title='bbox 716 2283 829 2364; x_wconf 90' lang='lat' dir='ltr'><strong>perisse</strong></span> <span class='ocrx_word' id='word_1_168' title='bbox 843 2283 1011 2348; x_wconf 81' lang='lat' dir='ltr'><strong>tradantur.</strong></span> <span class='ocrx_word' id='word_1_169' title='bbox 1027 2283 1074 2348; x_wconf 89' lang='lat' dir='ltr'><strong>ita</strong></span> <span class='ocrx_word' id='word_1_170' title='bbox 1085 2282 1216 2365; x_wconf 89' lang='lat' dir='ltr'><strong>populus</strong></span> <span class='ocrx_word' id='word_1_171' title='bbox 1230 2298 1275 2358; x_wconf 91' lang='lat' dir='ltr'><strong>eo,</strong></span> <span class='ocrx_word' id='word_1_172' title='bbox 1297 2299 1390 2362; x_wconf 89' lang='lat' dir='ltr'><strong>quem</strong></span> 
     </span>
     <span class='ocr_line' id='line_1_20' title="bbox 234 2381 1390 2469; baseline 0.001 -24"><span class='ocrx_word' id='word_1_173' title='bbox 234 2381 469 2465; x_wconf 77' lang='lat' dir='ltr'><strong>bdesiderabat,</strong></span> <span class='ocrx_word' id='word_1_174' title='bbox 492 2385 558 2450; x_wconf 90' lang='lat' dir='ltr'><strong>cibo</strong></span> <span class='ocrx_word' id='word_1_175' title='bbox 573 2385 699 2468; x_wconf 91' lang='lat' dir='ltr'><strong>punitus</strong></span> <span class='ocrx_word' id='word_1_176' title='bbox 714 2385 769 2450; x_wconf 89' lang='lat' dir='ltr'><strong>est.</strong></span> <span class='ocrx_word' id='word_1_177' title='bbox 790 2385 863 2450; x_wconf 88' lang='lat' dir='ltr'><strong>inde</strong></span> <span class='ocrx_word' id='word_1_178' title='bbox 884 2385 1058 2468; x_wconf 89' lang='lat' dir='ltr'><strong>promotum</strong></span> <span class='ocrx_word' id='word_1_179' title='bbox 1072 2402 1183 2469; x_wconf 86' lang='lat' dir='ltr'><strong>agmen</strong></span> <span class='ocrx_word' id='word_1_180' title='bbox 1197 2385 1229 2448; x_wconf 91' lang='lat' dir='ltr'><strong>et</strong></span> <span class='ocrx_word' id='word_1_181' title='bbox 1241 2384 1275 2447; x_wconf 93' lang='lat' dir='ltr'><strong>in</strong></span> <span class='ocrx_word' id='word_1_182' title='bbox 1288 2383 1390 2446; x_wconf 78' lang='lat' dir='ltr'><strong>Paron</strong></span> 
     </span>
     <span class='ocr_line' id='line_1_21' title="bbox 262 2485 1431 2572; baseline -0.002 -22"><span class='ocrx_word' id='word_1_183' title='bbox 262 2487 390 2551; x_wconf 90' lang='lat' dir='ltr'><strong>uentum</strong></span> <span class='ocrx_word' id='word_1_184' title='bbox 405 2487 467 2552; x_wconf 91' lang='lat' dir='ltr'><strong>est:</strong></span> <span class='ocrx_word' id='word_1_185' title='bbox 485 2488 667 2571; x_wconf 87' lang='lat' dir='ltr'><strong>edoctusque</strong></span> <span class='ocrx_word' id='word_1_186' title='bbox 682 2507 700 2553; x_wconf 87' lang='lat' dir='ltr'><strong>a</strong></span> <span class='ocrx_word' id='word_1_187' title='bbox 713 2489 779 2553; x_wconf 89' lang='lat' dir='ltr'><strong>Deo</strong></span> <span class='ocrx_word' id='word_1_188' title='bbox 789 2490 919 2572; x_wconf 85' lang='lat' dir='ltr'><strong>Moyses,</strong></span> <span class='ocrx_word' id='word_1_189' title='bbox 934 2489 1069 2552; x_wconf 89' lang='lat' dir='ltr'><strong>uicinam</strong></span> <span class='ocrx_word' id='word_1_190' title='bbox 1083 2505 1148 2552; x_wconf 90' lang='lat' dir='ltr'><strong>esse</strong></span> <span class='ocrx_word' id='word_1_191' title='bbox 1162 2488 1285 2564; x_wconf 86' lang='lat' dir='ltr'><strong>terram,</strong></span> <span class='ocrx_word' id='word_1_192' title='bbox 1301 2485 1390 2550; x_wconf 90' lang='lat' dir='ltr'><strong>ouius</strong></span> <span class='ocrx_word' id='word_1_193' title='bbox 1399 2505 1431 2548; x_wconf 79' lang='lat' dir='ltr'><strong>ro</strong></span> 
     </span>
     <span class='ocr_line' id='line_1_22' title="bbox 261 2589 1389 2674; baseline 0 -22"><span class='ocrx_word' id='word_1_194' title='bbox 261 2591 481 2672; x_wconf 87' lang='lat' dir='ltr'><strong>possessionem</strong></span> <span class='ocrx_word' id='word_1_195' title='bbox 502 2591 545 2656; x_wconf 91' lang='lat' dir='ltr'><strong>eis</strong></span> <span class='ocrx_word' id='word_1_196' title='bbox 565 2592 745 2672; x_wconf 88' lang='lat' dir='ltr'><strong>promiserat</strong></span> <span class='ocrx_word' id='word_1_197' title='bbox 765 2593 863 2670; x_wconf 86' lang='lat' dir='ltr'><strong>Deus,</strong></span> <span class='ocrx_word' id='word_1_198' title='bbox 887 2591 1125 2674; x_wconf 85' lang='lat' dir='ltr'><strong>exploratoribus</strong></span> <span class='ocrx_word' id='word_1_199' title='bbox 1144 2591 1177 2655; x_wconf 92' lang='lat' dir='ltr'><strong>in</strong></span> <span class='ocrx_word' id='word_1_200' title='bbox 1197 2609 1265 2654; x_wconf 88' lang='lat' dir='ltr'><strong>eam</strong></span> <span class='ocrx_word' id='word_1_201' title='bbox 1284 2589 1389 2653; x_wconf 89' lang='lat' dir='ltr'><strong>missis</strong></span> 
     </span>
     <span class='ocr_line' id='line_1_23' title="bbox 261 2691 1389 2779; baseline 0.001 -25"><span class='ocrx_word' id='word_1_202' title='bbox 261 2692 468 2772; x_wconf 86' lang='lat' dir='ltr'><strong>renuntiatur,</strong></span> <span class='ocrx_word' id='word_1_203' title='bbox 485 2693 605 2758; x_wconf 86' lang='lat' dir='ltr'><strong>felicem</strong></span> <span class='ocrx_word' id='word_1_204' title='bbox 621 2695 705 2758; x_wconf 89' lang='lat' dir='ltr'><strong>omni</strong></span> <span class='ocrx_word' id='word_1_205' title='bbox 719 2696 805 2777; x_wconf 85' lang='lat' dir='ltr'><strong>oopia</strong></span> <span class='ocrx_word' id='word_1_206' title='bbox 819 2713 883 2759; x_wconf 91' lang='lat' dir='ltr'><strong>esse</strong></span> <span class='ocrx_word' id='word_1_207' title='bbox 897 2694 1060 2779; x_wconf 85' lang='lat' dir='ltr'><strong>regionem,</strong></span> <span class='ocrx_word' id='word_1_208' title='bbox 1082 2692 1134 2758; x_wconf 89' lang='lat' dir='ltr'><strong>sed</strong></span> <span class='ocrx_word' id='word_1_209' title='bbox 1149 2693 1255 2776; x_wconf 89' lang='lat' dir='ltr'><strong>gentes</strong></span> <span class='ocrx_word' id='word_1_210' title='bbox 1269 2691 1389 2756; x_wconf 86' lang='lat' dir='ltr'><strong>ualidas</strong></span> 
     </span>
     <span class='ocr_line' id='line_1_24' title="bbox 234 2795 1397 2881; baseline 0.002 -24"><span class='ocrx_word' id='word_1_211' title='bbox 234 2795 293 2858; x_wconf 86' lang='lat' dir='ltr'><strong>6et</strong></span> <span class='ocrx_word' id='word_1_212' title='bbox 307 2795 428 2860; x_wconf 89' lang='lat' dir='ltr'><strong>munita</strong></span> <span class='ocrx_word' id='word_1_213' title='bbox 442 2795 618 2880; x_wconf 85' lang='lat' dir='ltr'><strong>ingentibus</strong></span> <span class='ocrx_word' id='word_1_214' title='bbox 633 2797 730 2863; x_wconf 86' lang='lat' dir='ltr'><strong>muris</strong></span> <span class='ocrx_word' id='word_1_215' title='bbox 745 2799 865 2881; x_wconf 91' lang='lat' dir='ltr'><strong>oppida.</strong></span> <span class='ocrx_word' id='word_1_216' title='bbox 888 2798 968 2880; x_wconf 90' lang='lat' dir='ltr'><strong>quod</strong></span> <span class='ocrx_word' id='word_1_217' title='bbox 982 2797 1036 2861; x_wconf 89' lang='lat' dir='ltr'><strong>ubi</strong></span> <span class='ocrx_word' id='word_1_218' title='bbox 1056 2797 1167 2879; x_wconf 91' lang='lat' dir='ltr'><strong>populo</strong></span> <span class='ocrx_word' id='word_1_219' title='bbox 1188 2795 1397 2877; x_wconf 87' lang='lat' dir='ltr'><strong>compertum,-</strong></span> 
     </span>
     <span class='ocr_line' id='line_1_25' title="bbox 261 2898 1387 2982; baseline 0 -20"><span class='ocrx_word' id='word_1_220' title='bbox 261 2917 374 2982; x_wconf 86' lang='lat' dir='ltr'><strong>magna</strong></span> <span class='ocrx_word' id='word_1_221' title='bbox 394 2900 511 2964; x_wconf 91' lang='lat' dir='ltr'><strong>mentes</strong></span> <span class='ocrx_word' id='word_1_222' title='bbox 532 2901 670 2965; x_wconf 89' lang='lat' dir='ltr'><strong>omnium</strong></span> <span class='ocrx_word' id='word_1_223' title='bbox 690 2899 821 2966; x_wconf 86' lang='lat' dir='ltr'><strong>formido</strong></span> <span class='ocrx_word' id='word_1_224' title='bbox 841 2901 1020 2966; x_wconf 88' lang='lat' dir='ltr'><strong>inoesserat:</strong></span> <span class='ocrx_word' id='word_1_225' title='bbox 1040 2918 1134 2982; x_wconf 90' lang='lat' dir='ltr'><strong>eoquo</strong></span> <span class='ocrx_word' id='word_1_226' title='bbox 1153 2898 1230 2963; x_wconf 86' lang='lat' dir='ltr'><strong>mali</strong></span> <span class='ocrx_word' id='word_1_227' title='bbox 1249 2899 1387 2976; x_wconf 85' lang='lat' dir='ltr'><strong>uentum,</strong></span> 
     </span>
    </p>
   </div>
   <div class='ocr_carea' id='block_1_3' title="bbox 364 3117 1388 3193">
    <p class='ocr_par' dir='ltr' id='par_1_6' title="bbox 364 3117 1388 3193">
     <span class='ocr_line' id='line_1_26' title="bbox 364 3117 1388 3193; baseline -0.008 -13"><span class='ocrx_word' id='word_1_228' title='bbox 364 3123 399 3180; x_wconf 90' lang='lat'><strong>11</strong></span> <span class='ocrx_word' id='word_1_229' title='bbox 418 3123 497 3178; x_wconf 89' lang='lat' dir='ltr'><strong>Num.</strong></span> <span class='ocrx_word' id='word_1_230' title='bbox 518 3124 534 3180; x_wconf 91' lang='lat'>1</span> <span class='ocrx_word' id='word_1_231' title='bbox 552 3138 608 3193; x_wconf 89' lang='lat' dir='ltr'><strong>sqq.</strong></span> <span class='ocrx_word' id='word_1_232' title='bbox 658 3124 696 3180; x_wconf 90' lang='grc'><strong>14</strong></span> <span class='ocrx_word' id='word_1_233' title='bbox 711 3123 790 3178; x_wconf 86' lang='lat' dir='ltr'><strong>Num.</strong></span> <span class='ocrx_word' id='word_1_234' title='bbox 811 3124 855 3181; x_wconf 91' lang='grc'><strong>11.</strong></span> <span class='ocrx_word' id='word_1_235' title='bbox 894 3121 1091 3187; x_wconf 74' lang='grc'>1711111112,</span> <span class='ocrx_word' id='word_1_236' title='bbox 1112 3136 1150 3190; x_wconf 87' lang='lat' dir='ltr'><strong>sq.</strong></span> <span class='ocrx_word' id='word_1_237' title='bbox 1186 3117 1388 3178; x_wconf 73' lang='grc'>1111111114.</span> 
     </span>
    </p>
   </div>
   <div class='ocr_carea' id='block_1_4' title="bbox 254 3306 1388 4398">
    <p class='ocr_par' dir='ltr' id='par_1_7' title="bbox 254 3306 1388 4398">
     <span class='ocr_line' id='line_1_27' title="bbox 311 3306 1388 3378; baseline -0.006 -12"><span class='ocrx_word' id='word_1_238' title='bbox 311 3309 481 3366; x_wconf 78' lang='lat' dir='ltr'><strong>2Dominit</strong></span> <span class='ocrx_word' id='word_1_239' title='bbox 544 3312 562 3370; x_wconf 87' lang='lat'><strong>3</strong></span> <span class='ocrx_word' id='word_1_240' title='bbox 580 3313 753 3367; x_wconf 72' lang='lat' dir='ltr'><strong>tabernaculi</strong></span> <span class='ocrx_word' id='word_1_241' title='bbox 770 3313 811 3367; x_wconf 86' lang='lat' dir='ltr'><strong>P:</strong></span> <span class='ocrx_word' id='word_1_242' title='bbox 834 3311 1001 3366; x_wconf 76' lang='lat' dir='ltr'><strong>tubernaculi</strong></span> <span class='ocrx_word' id='word_1_243' title='bbox 1023 3313 1039 3366; x_wconf 88' lang='lat' dir='ltr'><strong>b</strong></span> <span class='ocrx_word' id='word_1_244' title='bbox 1058 3312 1071 3378; x_wconf 78' lang='lat' dir='ltr'><strong>l}</strong></span> <span class='ocrx_word' id='word_1_245' title='bbox 1089 3310 1219 3364; x_wconf 85' lang='lat' dir='ltr'><strong>referetur</strong></span> <span class='ocrx_word' id='word_1_246' title='bbox 1241 3309 1283 3362; x_wconf 88' lang='grc' dir='ltr'><strong>Ρ.·</strong></span> <span class='ocrx_word' id='word_1_247' title='bbox 1306 3306 1388 3361; x_wconf 85' lang='lat' dir='ltr'><strong>refer·</strong></span> 
     </span>
     <span class='ocr_line' id='line_1_28' title="bbox 258 3395 1388 3468; baseline -0.003 -18"><span class='ocrx_word' id='word_1_248' title='bbox 258 3397 304 3449; x_wconf 87' lang='lat' dir='ltr'><strong>tur</strong></span> <span class='ocrx_word' id='word_1_249' title='bbox 325 3396 349 3465; x_wconf 87' lang='lat' dir='ltr'><strong>b,</strong></span> <span class='ocrx_word' id='word_1_250' title='bbox 372 3413 425 3466; x_wconf 84' lang='lat' dir='ltr'><strong>qmo</strong></span> <span class='ocrx_word' id='word_1_251' title='bbox 442 3404 548 3467; x_wconf 80' lang='lat' dir='ltr'><strong>recepto</strong></span> <span class='ocrx_word' id='word_1_252' title='bbox 565 3399 613 3453; x_wconf 91' lang='lat' dir='ltr'><strong>hoc</strong></span> <span class='ocrx_word' id='word_1_253' title='bbox 630 3399 659 3452; x_wconf 93' lang='lat' dir='ltr'><strong>in</strong></span> <span class='ocrx_word' id='word_1_254' title='bbox 675 3400 731 3454; x_wconf 87' lang='lat' dir='ltr'><strong>loco</strong></span> <span class='ocrx_word' id='word_1_255' title='bbox 747 3400 971 3468; x_wconf 69' lang='lat' dir='ltr'><strong>interpretantur</strong></span> <span class='ocrx_word' id='word_1_256' title='bbox 987 3398 1097 3454; x_wconf 73' lang='lat' dir='ltr'><strong>‘sedicet</strong></span> <span class='ocrx_word' id='word_1_257' title='bbox 1113 3398 1147 3452; x_wconf 82' lang='lat' dir='ltr'><strong>ab</strong></span> <span class='ocrx_word' id='word_1_258' title='bbox 1163 3395 1258 3451; x_wconf 76' lang='lat' dir='ltr'><strong>Fmodo’</strong></span> <span class='ocrx_word' id='word_1_259' title='bbox 1273 3411 1331 3463; x_wconf 80' lang='lat' dir='ltr'><strong>cop.</strong></span> <span class='ocrx_word' id='word_1_260' title='bbox 1350 3396 1388 3447; x_wconf 85' lang='grc'><strong>35</strong></span> 
     </span>
     <span class='ocr_line' id='line_1_29' title="bbox 259 3481 1387 3554; baseline 0 -19"><span class='ocrx_word' id='word_1_261' title='bbox 259 3497 344 3550; x_wconf 81' lang='lat' dir='ltr'><strong>mque</strong></span> <span class='ocrx_word' id='word_1_262' title='bbox 367 3483 404 3536; x_wconf 83' lang='lat' dir='ltr'><strong>od</strong></span> <span class='ocrx_word' id='word_1_263' title='bbox 421 3483 503 3550; x_wconf 77' lang='lat' dir='ltr'><strong>finem</strong></span> <span class='ocrx_word' id='word_1_264' title='bbox 527 3485 604 3539; x_wconf 74' lang='lat' dir='ltr'><strong>lmm’.</strong></span> <span class='ocrx_word' id='word_1_265' title='bbox 629 3484 732 3554; x_wconf 74' lang='lat' dir='ltr'><strong>Quodsi</strong></span> <span class='ocrx_word' id='word_1_266' title='bbox 747 3485 848 3541; x_wconf 76' lang='lat' dir='ltr'><strong>eodior&#39;a</strong></span> <span class='ocrx_word' id='word_1_267' title='bbox 862 3485 1004 3554; x_wconf 70' lang='lat' dir='ltr'><strong>scripturo</strong></span> <span class='ocrx_word' id='word_1_268' title='bbox 1019 3499 1089 3538; x_wconf 83' lang='lat' dir='ltr'><strong>mero</strong></span> <span class='ocrx_word' id='word_1_269' title='bbox 1105 3488 1158 3551; x_wconf 84' lang='lat' dir='ltr'><strong>est,</strong></span> <span class='ocrx_word' id='word_1_270' title='bbox 1180 3481 1387 3536; x_wconf 67' lang='lat' dir='ltr'><strong>adnotationem</strong></span> 
     </span>
     <span class='ocr_line' id='line_1_30' title="bbox 260 3566 1386 3640; baseline -0.002 -18"><span class='ocrx_word' id='word_1_271' title='bbox 260 3566 357 3622; x_wconf 81' lang='lat' dir='ltr'><strong>Semem&#39;</strong></span> <span class='ocrx_word' id='word_1_272' title='bbox 377 3568 411 3622; x_wconf 88' lang='lat' dir='ltr'><strong>de</strong></span> <span class='ocrx_word' id='word_1_273' title='bbox 430 3585 461 3623; x_wconf 84' lang='lat' dir='ltr'><strong>ee</strong></span> <span class='ocrx_word' id='word_1_274' title='bbox 480 3571 620 3639; x_wconf 75' lang='lat' dir='ltr'><strong>babemus,</strong></span> <span class='ocrx_word' id='word_1_275' title='bbox 639 3587 720 3640; x_wconf 80' lang='lat' dir='ltr'><strong>quom</strong></span> <span class='ocrx_word' id='word_1_276' title='bbox 740 3577 919 3626; x_wconf 77' lang='lat' dir='ltr'><strong>exsecuturos</strong></span> <span class='ocrx_word' id='word_1_277' title='bbox 936 3576 1010 3637; x_wconf 83' lang='lat' dir='ltr'><strong>erat,</strong></span> <span class='ocrx_word' id='word_1_278' title='bbox 1028 3568 1223 3623; x_wconf 69' lang='lat' dir='ltr'><strong>redimentem</strong></span> <span class='ocrx_word' id='word_1_279' title='bbox 1234 3584 1289 3636; x_wconf 80' lang='lat' dir='ltr'><strong>qma</strong></span> <span class='ocrx_word' id='word_1_280' title='bbox 1301 3581 1386 3621; x_wconf 79' lang='lat' dir='ltr'><strong>como</strong></span> 
     </span>
     <span class='ocr_line' id='line_1_31' title="bbox 254 3654 1385 3726; baseline -0.004 -18"><span class='ocrx_word' id='word_1_281' title='bbox 254 3655 442 3722; x_wconf 75' lang='lat' dir='ltr'><strong>praetermisit</strong></span> <span class='ocrx_word' id='word_1_282' title='bbox 502 3656 520 3712; x_wconf 83' lang='lat'>8</span> <span class='ocrx_word' id='word_1_283' title='bbox 538 3657 594 3726; x_wconf 87' lang='lat' dir='ltr'><strong>legi</strong></span> <span class='ocrx_word' id='word_1_284' title='bbox 620 3656 726 3712; x_wconf 85' lang='lat' dir='ltr'><strong>Vomole:</strong></span> <span class='ocrx_word' id='word_1_285' title='bbox 753 3657 823 3726; x_wconf 89' lang='lat' dir='ltr'><strong>legis</strong></span> <span class='ocrx_word' id='word_1_286' title='bbox 843 3658 887 3711; x_wconf 89' lang='lat' dir='ltr'><strong>Pb</strong></span> <span class='ocrx_word' id='word_1_287' title='bbox 940 3655 978 3712; x_wconf 92' lang='lat'><strong>10</strong></span> <span class='ocrx_word' id='word_1_288' title='bbox 994 3654 1143 3724; x_wconf 81' lang='lat' dir='ltr'><strong>hystoriam</strong></span> <span class='ocrx_word' id='word_1_289' title='bbox 1154 3655 1182 3708; x_wconf 93' lang='lat' dir='ltr'><strong><em>P</em></strong></span> <span class='ocrx_word' id='word_1_290' title='bbox 1234 3654 1270 3709; x_wconf 94' lang='grc'><strong>11</strong></span> <span class='ocrx_word' id='word_1_291' title='bbox 1297 3667 1385 3721; x_wconf 88' lang='lat' dir='ltr'><strong>perse·</strong></span> 
     </span>
     <span class='ocr_line' id='line_1_32' title="bbox 258 3728 1383 3812; baseline 0 -18"><span class='ocrx_word' id='word_1_292' title='bbox 258 3740 375 3810; x_wconf 89' lang='lat' dir='ltr'><strong>quimur]</strong></span> <span class='ocrx_word' id='word_1_293' title='bbox 387 3743 426 3796; x_wconf 79' lang='lat' dir='ltr'><strong>otc</strong></span> <span class='ocrx_word' id='word_1_294' title='bbox 438 3742 472 3807; x_wconf 93' lang='lat' dir='ltr'><strong>P,</strong></span> <span class='ocrx_word' id='word_1_295' title='bbox 485 3758 543 3797; x_wconf 85' lang='lat' dir='ltr'><strong>mom</strong></span> <span class='ocrx_word' id='word_1_296' title='bbox 554 3743 748 3812; x_wconf 88' lang='lat' dir='ltr'><strong>prosequimur,</strong></span> <span class='ocrx_word' id='word_1_297' title='bbox 760 3749 794 3798; x_wconf 79' lang='lat' dir='ltr'><strong>at</strong></span> <span class='ocrx_word' id='word_1_298' title='bbox 805 3743 846 3796; x_wconf 79' lang='lat' dir='ltr'><strong>ait</strong></span> <span class='ocrx_word' id='word_1_299' title='bbox 862 3743 895 3796; x_wconf 78' lang='lat' dir='ltr'><strong>de</strong></span> <span class='ocrx_word' id='word_1_300' title='bbox 906 3742 995 3795; x_wconf 84' lang='lat' dir='ltr'><strong>Proto</strong></span> <span class='ocrx_word' id='word_1_301' title='bbox 1048 3742 1085 3798; x_wconf 78' lang='lat'><strong>12</strong></span> <span class='ocrx_word' id='word_1_302' title='bbox 1103 3728 1153 3796; x_wconf 61' lang='grc' dir='ltr'><strong>αἶα.</strong></span> <span class='ocrx_word' id='word_1_303' title='bbox 1172 3745 1201 3796; x_wconf 89' lang='lat' dir='ltr'><strong>et</strong></span> <span class='ocrx_word' id='word_1_304' title='bbox 1218 3758 1270 3797; x_wconf 87' lang='lat' dir='ltr'><strong>.m.</strong></span> <span class='ocrx_word' id='word_1_305' title='bbox 1289 3757 1324 3796; x_wconf 77' lang='lat' dir='ltr'><strong>m.</strong></span> <span class='ocrx_word' id='word_1_306' title='bbox 1348 3741 1383 3804; x_wconf 92' lang='lat' dir='ltr'><strong>P,</strong></span> 
     </span>
     <span class='ocr_line' id='line_1_33' title="bbox 257 3820 1382 3898; baseline 0.001 -18"><span class='ocrx_word' id='word_1_307' title='bbox 257 3827 332 3880; x_wconf 84' lang='lat' dir='ltr'><strong>ncet</strong></span> <span class='ocrx_word' id='word_1_308' title='bbox 343 3839 415 3880; x_wconf 82' lang='grc'>11111</span> <span class='ocrx_word' id='word_1_309' title='bbox 427 3827 459 3895; x_wconf 88' lang='lat' dir='ltr'><strong>b,·</strong></span> <span class='ocrx_word' id='word_1_310' title='bbox 472 3843 521 3882; x_wconf 86' lang='lat' dir='ltr'><strong>mos</strong></span> <span class='ocrx_word' id='word_1_311' title='bbox 532 3830 691 3897; x_wconf 75' lang='lat' dir='ltr'><strong>scripsimus</strong></span> <span class='ocrx_word' id='word_1_312' title='bbox 702 3820 743 3883; x_wconf 66' lang='grc' dir='ltr'><strong>ᾗ</strong></span> <span class='ocrx_word' id='word_1_313' title='bbox 751 3829 847 3882; x_wconf 67' lang='lat' dir='ltr'><strong>addito</strong></span> <span class='ocrx_word' id='word_1_314' title='bbox 858 3830 937 3898; x_wconf 71' lang='lat' dir='ltr'><strong>sipeo</strong></span> <span class='ocrx_word' id='word_1_315' title='bbox 948 3828 1116 3896; x_wconf 73' lang='lat' dir='ltr'><strong>mollemamo,</strong></span> <span class='ocrx_word' id='word_1_316' title='bbox 1130 3829 1382 3882; x_wconf 71' lang='lat' dir='ltr'><strong>otmmataome-</strong></span> 
     </span>
     <span class='ocr_line' id='line_1_34' title="bbox 257 3913 1383 3983; baseline 0.002 -17"><span class='ocrx_word' id='word_1_317' title='bbox 257 3926 307 3966; x_wconf 80' lang='lat' dir='ltr'><strong>rm</strong></span> <span class='ocrx_word' id='word_1_318' title='bbox 318 3913 457 3968; x_wconf 76' lang='lat' dir='ltr'><strong>bomimma</strong></span> <span class='ocrx_word' id='word_1_319' title='bbox 469 3916 607 3982; x_wconf 86' lang='lat'><strong>603,500;</strong></span> <span class='ocrx_word' id='word_1_320' title='bbox 624 3916 656 3968; x_wconf 80' lang='lat' dir='ltr'><strong>im</strong></span> <span class='ocrx_word' id='word_1_321' title='bbox 667 3921 768 3983; x_wconf 78' lang='lat' dir='ltr'><strong>quarto</strong></span> <span class='ocrx_word' id='word_1_322' title='bbox 779 3915 848 3968; x_wconf 71' lang='lat' dir='ltr'><strong>labro</strong></span> <span class='ocrx_word' id='word_1_323' title='bbox 856 3913 1039 3969; x_wconf 79' lang='lat' dir='ltr'><strong>Pmtateocti</strong></span> <span class='ocrx_word' id='word_1_324' title='bbox 1047 3915 1140 3982; x_wconf 80' lang='lat' dir='ltr'><strong>(Nmo.</strong></span> <span class='ocrx_word' id='word_1_325' title='bbox 1154 3918 1179 3981; x_wconf 90' lang='lat'><strong>1,</strong></span> <span class='ocrx_word' id='word_1_326' title='bbox 1192 3915 1241 3980; x_wconf 78' lang='grc'><strong>46)</strong></span> <span class='ocrx_word' id='word_1_327' title='bbox 1252 3926 1383 3968; x_wconf 75' lang='lat' dir='ltr'><strong>emuemce</strong></span> 
     </span>
     <span class='ocr_line' id='line_1_35' title="bbox 258 3997 1371 4070; baseline -0.001 -18"><span class='ocrx_word' id='word_1_328' title='bbox 258 4003 297 4052; x_wconf 84' lang='lat' dir='ltr'><strong>est</strong></span> <span class='ocrx_word' id='word_1_329' title='bbox 309 4001 365 4053; x_wconf 82' lang='lat'><strong>603</strong></span> <span class='ocrx_word' id='word_1_330' title='bbox 376 3997 454 4053; x_wconf 76' lang='lat' dir='ltr'><strong>milio</strong></span> <span class='ocrx_word' id='word_1_331' title='bbox 466 4005 491 4054; x_wconf 80' lang='lat' dir='ltr'><strong>et</strong></span> <span class='ocrx_word' id='word_1_332' title='bbox 503 4001 558 4054; x_wconf 83' lang='lat'><strong>550</strong></span> <span class='ocrx_word' id='word_1_333' title='bbox 610 4000 647 4058; x_wconf 85' lang='lat'><strong>15</strong></span> <span class='ocrx_word' id='word_1_334' title='bbox 664 3997 834 4054; x_wconf 83' lang='lat' dir='ltr'><strong>desiderabat</strong></span> <span class='ocrx_word' id='word_1_335' title='bbox 846 3999 873 4054; x_wconf 92' lang='lat' dir='ltr'><strong>P</strong></span> <span class='ocrx_word' id='word_1_336' title='bbox 883 4000 928 4068; x_wconf 87' lang='lat' dir='ltr'><strong>(ec.</strong></span> <span class='ocrx_word' id='word_1_337' title='bbox 942 3999 1038 4070; x_wconf 87' lang='lat' dir='ltr'><strong>eibos):</strong></span> <span class='ocrx_word' id='word_1_338' title='bbox 1051 3999 1133 4069; x_wconf 83' lang='lat' dir='ltr'><strong>dapes</strong></span> <span class='ocrx_word' id='word_1_339' title='bbox 1144 3997 1313 4054; x_wconf 81' lang='lat' dir='ltr'><strong>desiderabat</strong></span> <span class='ocrx_word' id='word_1_340' title='bbox 1324 4000 1339 4052; x_wconf 87' lang='lat' dir='ltr'><strong>b</strong></span> <span class='ocrx_word' id='word_1_341' title='bbox 1358 4000 1371 4066; x_wconf 79' lang='grc' dir='ltr'><strong>ΙΙ</strong></span> 
     </span>
     <span class='ocr_line' id='line_1_36' title="bbox 256 4070 1382 4154; baseline -0.001 -16"><span class='ocrx_word' id='word_1_342' title='bbox 256 4085 385 4140; x_wconf 72' lang='lat' dir='ltr'><strong>nomines</strong></span> <span class='ocrx_word' id='word_1_343' title='bbox 397 4086 426 4154; x_wconf 83' lang='lat' dir='ltr'><strong>s,</strong></span> <span class='ocrx_word' id='word_1_344' title='bbox 444 4086 546 4140; x_wconf 72' lang='lat' dir='ltr'><strong>eremo.</strong></span> <span class='ocrx_word' id='word_1_345' title='bbox 560 4088 597 4140; x_wconf 81' lang='lat'><strong>21</strong></span> <span class='ocrx_word' id='word_1_346' title='bbox 649 4085 685 4141; x_wconf 82' lang='grc'><strong>11</strong></span> <span class='ocrx_word' id='word_1_347' title='bbox 699 4084 787 4139; x_wconf 76' lang='lat' dir='ltr'><strong>ermes</strong></span> <span class='ocrx_word' id='word_1_348' title='bbox 799 4085 828 4138; x_wconf 82' lang='lat' dir='ltr'><strong>n</strong></span> <span class='ocrx_word' id='word_1_349' title='bbox 840 4085 963 4138; x_wconf 66' lang='lat' dir='ltr'><strong>marist</strong></span> <span class='ocrx_word' id='word_1_350' title='bbox 1017 4084 1054 4142; x_wconf 84' lang='lat'><strong>18</strong></span> <span class='ocrx_word' id='word_1_351' title='bbox 1071 4075 1127 4139; x_wconf 62' lang='lat' dir='ltr'><strong>ix.</strong></span> <span class='ocrx_word' id='word_1_352' title='bbox 1146 4093 1174 4139; x_wconf 73' lang='lat' dir='ltr'><strong>ee</strong></span> <span class='ocrx_word' id='word_1_353' title='bbox 1190 4070 1243 4138; x_wconf 64' lang='lat'><strong>51&#39;1.</strong></span> <span class='ocrx_word' id='word_1_354' title='bbox 1264 4084 1382 4138; x_wconf 71' lang='lat' dir='ltr'><strong>unorum</strong></span> 
     </span>
     <span class='ocr_line' id='line_1_37' title="bbox 257 4169 1382 4240; baseline -0.001 -16"><span class='ocrx_word' id='word_1_355' title='bbox 257 4170 298 4224; x_wconf 91' lang='lat' dir='ltr'><strong>P:</strong></span> <span class='ocrx_word' id='word_1_356' title='bbox 317 4186 356 4225; x_wconf 84' lang='lat' dir='ltr'><strong>xx</strong></span> <span class='ocrx_word' id='word_1_357' title='bbox 379 4173 407 4226; x_wconf 89' lang='lat' dir='ltr'><strong>et</strong></span> <span class='ocrx_word' id='word_1_358' title='bbox 430 4187 468 4226; x_wconf 89' lang='lat'><strong>111</strong></span> <span class='ocrx_word' id='word_1_359' title='bbox 491 4171 608 4225; x_wconf 83' lang='lat' dir='ltr'><strong>virorum</strong></span> <span class='ocrx_word' id='word_1_360' title='bbox 631 4170 719 4224; x_wconf 86' lang='lat' dir='ltr'><strong>millia</strong></span> <span class='ocrx_word' id='word_1_361' title='bbox 742 4171 757 4224; x_wconf 85' lang='lat' dir='ltr'><strong>b</strong></span> <span class='ocrx_word' id='word_1_362' title='bbox 776 4171 789 4237; x_wconf 79' lang='grc' dir='ltr'><strong>ΙΙ</strong></span> <span class='ocrx_word' id='word_1_363' title='bbox 809 4170 909 4240; x_wconf 88' lang='lat' dir='ltr'><strong>perisse</strong></span> <span class='ocrx_word' id='word_1_364' title='bbox 925 4169 1069 4224; x_wconf 86' lang='lat' dir='ltr'><strong>traduntur</strong></span> <span class='ocrx_word' id='word_1_365' title='bbox 1081 4171 1122 4240; x_wconf 92' lang='lat' dir='ltr'><strong>P,</strong></span> <span class='ocrx_word' id='word_1_366' title='bbox 1144 4170 1257 4240; x_wconf 88' lang='lat' dir='ltr'><strong>periisse</strong></span> <span class='ocrx_word' id='word_1_367' title='bbox 1272 4169 1382 4223; x_wconf 77' lang='lat' dir='ltr'><strong>trudan</strong></span> 
     </span>
     <span class='ocr_line' id='line_1_38' title="bbox 255 4255 1382 4315; baseline 0.002 -7"><span class='ocrx_word' id='word_1_368' title='bbox 255 4256 334 4310; x_wconf 91' lang='lat' dir='ltr'><strong>turb</strong></span> <span class='ocrx_word' id='word_1_369' title='bbox 399 4257 435 4315; x_wconf 81' lang='grc'>19</span> <span class='ocrx_word' id='word_1_370' title='bbox 454 4257 651 4312; x_wconf 85' lang='lat' dir='ltr'><strong>desiderauerat</strong></span> <span class='ocrx_word' id='word_1_371' title='bbox 669 4255 702 4312; x_wconf 85' lang='lat' dir='ltr'><strong>de</strong></span> <span class='ocrx_word' id='word_1_372' title='bbox 723 4255 812 4311; x_wconf 79' lang='lat' dir='ltr'><strong>Proto</strong></span> <span class='ocrx_word' id='word_1_373' title='bbox 874 4255 1069 4313; x_wconf 73' lang='lat' dir='ltr'><strong>economus</strong></span> <span class='ocrx_word' id='word_1_374' title='bbox 1087 4255 1102 4311; x_wconf 80' lang='lat' dir='ltr'><strong>b</strong></span> <span class='ocrx_word' id='word_1_375' title='bbox 1173 4256 1210 4313; x_wconf 82' lang='lat'><strong>21</strong></span> <span class='ocrx_word' id='word_1_376' title='bbox 1230 4255 1382 4310; x_wconf 83' lang='lat' dir='ltr'><strong>eimoledat</strong></span> 
     </span>
     <span class='ocr_line' id='line_1_39' title="bbox 256 4339 391 4398; baseline 0.007 -3"><span class='ocrx_word' id='word_1_377' title='bbox 256 4339 291 4396; x_wconf 86' lang='lat' dir='ltr'><strong>de</strong></span> <span class='ocrx_word' id='word_1_378' title='bbox 302 4341 391 4398; x_wconf 81' lang='lat' dir='ltr'><strong>Proto</strong></span> 
     </span>
    </p>
   </div>
   <div class='ocr_carea' id='block_1_5' title="bbox 0 0 1530 4984">
    <p class='ocr_par' dir='ltr' id='par_1_8' title="bbox 0 0 1530 4984">
     <span class='ocr_line' id='line_1_40' title="bbox 0 0 1530 4984; baseline 0 6"><span class='ocrx_word' id='word_1_379' title='bbox 0 0 1530 4984; x_wconf 95' lang='lat' dir='ltr'><strong> </strong></span> 
     </span>
    </p>
   </div>
  </div>
 </body>
</html>
