3050 4984
342 399 386 465 20
756 398 898 451 Minucii
915 399 1046 453 Felicis

343 574 412 619 rum
427 554 582 619 ueracium
603 553 730 619 flumine
750 555 914 621 diluamus,
945 574 1000 619 nee
1021 555 1222 619 dissimulabo
1244 554 1397 638 principio
1419 556 1466 620 ita

344 657 464 723 Natalis
478 658 540 722 mei
555 659 724 737 errantem,
740 678 871 742 uagam,
901 658 1052 723 lubricam
1066 659 1189 722 nutasse
1203 659 1407 737 sententiam,
1428 661 1465 723 ut

344 761 385 824 sit
407 761 495 826 nobis
516 762 749 844 ambigendum,
780 762 886 826 utrum
899 762 1037 826 uersutia
1051 762 1175 826 turbata
1186 762 1244 840 sit,
1274 781 1314 826 an
1332 763 1465 827 uacilla-

316 864 423 932 2uerit
437 882 491 945 per
505 882 645 929 errorem.
675 883 747 928 nam
761 864 886 928 interim
901 865 973 928 deos
987 865 1123 943 credere,
1146 864 1270 929 interim
1296 884 1331 929 se
1346 865 1465 929 delibe-

342 985 409 1031 rare
430 967 580 1045 uariauit,
603 970 640 1032 ut
660 967 873 1049 propositionis
893 967 1007 1032 incerto
1033 966 1177 1031 incertior
1191 967 1396 1049 responsionis
1410 984 1484 1032 nor

343 1071 424 1134 strae
439 1070 567 1134 intentio
582 1069 771 1135 fundaretur.
802 1070 903 1134 sedin
916 1070 1023 1135 Natali
1041 1088 1109 1135 meo
1124 1071 1294 1135 uersutiam
1308 1070 1391 1149 nolo,
1406 1090 1465 1135 non

343 1172 445 1237 oredo:
461 1173 567 1253 procul
581 1174 627 1237 est
641 1173 679 1237 ab
695 1173 760 1237 eius
776 1173 977 1254 simplicitate
991 1174 1116 1237 subtilis
1126 1173 1293 1238 urbanitas.
1311 1174 1389 1256 quid
1403 1173 1464 1257 igi-

315 1276 416 1340 31611
430 1275 466 1338 ut
481 1275 534 1356 qui
549 1272 664 1339 rectarir
678 1276 764 1339 uiam
778 1276 892 1353 nescit,
908 1276 978 1353 ubi,
993 1277 1029 1339 ut
1051 1276 1097 1355 iit,
1113 1276 1146 1341 in
1160 1277 1263 1359 plures
1278 1296 1342 1341 una
1360 1276 1464 1340 diffin-

343 1378 435 1455 ditur,
453 1378 539 1459 [quia
552 1377 637 1441 uiam
650 1378 762 1460 nescit]
778 1377 884 1445 haeret
898 1378 1005 1443 anxius
1019 1398 1074 1443 neo
1088 1379 1227 1463 singulae
1241 1380 1337 1444 audet
1352 1380 1464 1463 eligere

342 1498 397 1544 nec
407 1480 565 1544 uniuersas
576 1481 719 1562 probare:
736 1481 781 1543 sic
791 1481 841 1545 cui
855 1499 915 1545 non
930 1482 1054 1545 estuari
1069 1482 1181 1546 stabile
1195 1482 1357 1559 iudicium,
1373 1482 1464 1564 prout
1472 1505 1496 1543 ro

314 1582 437 1648 4infida
451 1583 582 1665 suspicio
597 1583 761 1667 spargitur,
778 1585 823 1648 ita
838 1584 902 1648 eius
917 1584 1010 1649 dubia
1024 1585 1126 1667 opinio
1142 1584 1318 1668 dissipatur.
1341 1586 1463 1650 nullum

342 1688 446 1768 itaque
460 1686 645 1751 miraculum
661 1687 717 1763 est,
738 1687 765 1751 si
781 1684 928 1752 Caecilius
950 1687 1119 1752 identidem
1133 1688 1166 1752 in
1181 1688 1343 1752 contrariis
1367 1706 1403 1752 ac
1416 1706 1463 1751 re·

342 1790 549 1873 pugnantibus
564 1789 705 1867 iactetur,
728 1791 858 1866 aestuet,
880 1789 1053 1854 fluctuetur.
1082 1791 1164 1871 quod
1184 1810 1222 1854 ne
1243 1791 1299 1855 fiat
1321 1790 1461 1865 ulterius,

343 1892 521 1957 conuincam
536 1893 568 1955 et
582 1892 774 1975 redarguam.
799 1893 940 1974 quamuis
961 1892 1025 1956 sint
1047 1892 1168 1957 diuersa
1182 1911 1260 1974 quae
1274 1893 1361 1957 dicta
1381 1894 1461 1967 sunt,

343 2014 403 2060 uua
417 1996 546 2059 ueritate
560 1995 738 2060 confirmata
756 1996 942 2077 probataque
961 2014 1016 2059 nec
1042 1995 1245 2060 dubitandum
1265 1995 1295 2060 ei
1309 1997 1348 2060 de
1364 1995 1493 2060 cetemre

315 2099 390 2163 aest
403 2117 457 2163 neo
471 2099 656 2183 uagandum.
674 2098 705 2163 et
720 2098 865 2180 quoniam
880 2117 967 2162 meus
982 2097 1078 2162 frater
1092 2098 1202 2180 erupit,
1219 2116 1311 2181 aegre
1326 2117 1360 2163 se
1374 2096 1459 2171 ferre,

342 2200 542 2278 stomachari,
558 2200 725 2283 indignari,
742 2201 861 2277 dolere,
876 2199 1067 2276 inliteratos,
1082 2218 1245 2282 pauperos,
1260 2199 1411 2281 inperitos
1426 2198 1461 2261 de

342 2304 433 2369 rebus
445 2303 626 2369 caelestibus
638 2303 803 2385 disputare,
815 2303 893 2367 sciat
904 2320 1008 2367 omnes
1019 2302 1156 2366 homines
1171 2304 1236 2367 sine
1251 2302 1369 2366 dilectu
1379 2302 1460 2365 aeta-

342 2407 393 2485 tis,
410 2425 507 2485 serus,
524 2406 686 2489 dignitatis
701 2405 829 2470 rationis
844 2406 875 2470 61
886 2423 992 2470 sensus
1003 2423 1127 2487 capaces
1142 2405 1174 2469 et
1188 2403 1307 2469 habiles
1322 2421 1461 2486 procrea·

342 2512 390 2599 tos
405 2530 460 2575 nee
474 2510 596 2575 fortuna
610 2510 744 2587 nanctos,
760 2510 814 2575 sed
828 2509 938 2573 natura
959 2508 1068 2573 insitos
1083 2526 1147 2572 esse
1162 2508 1362 2589 sapientiam:
1388 2506 1491 2588 quinae

342 2612 423 2693 ipsos
438 2612 532 2675 etiam
547 2612 753 2694 philosophos,
771 2611 819 2675 uel
841 2611 936 2693 siqui
957 2610 1013 2675 alii
1033 2611 1149 2675 artium
1162 2611 1330 2691 repertores
1349 2612 1382 2674 in
1395 2626 1460 2671 me-

342 2714 455 2779 morias
477 2714 635 2793 exierunt,
663 2714 842 2796 priusquam
863 2714 1000 2779 sollertia
1032 2714 1144 2778 mentis
1167 2715 1307 2795 parerent
1329 2710 1460 2779 nominis

395 2987 411 3042 1
430 2986 537 3039 flumine
549 2985 703 3039 Mernse'ns:
722 2985 751 3037 in
771 2986 871 3040 lumine
891 2987 946 3051 Pr,
965 2986 1064 3040 lumine
1081 2985 1211 3041 Gelenius
1216 3005 1227 3052 ‚·
1255 2985 1290 3051 ef.
1304 2982 1404 3037 Derris.
1423 2977 1460 3031 ud

342 3074 366 3127 b.
380 3073 396 3126 1.
444 3073 462 3128 2
474 3074 591 3125 mutasse
603 3088 618 3125 r
666 3073 684 3128 3
696 3072 817 3125 uersutia
828 3072 938 3126 turbata
950 3073 987 3125 sit
998 3074 1044 3142 (sc.
1057 3074 1170 3127 Natalis
1180 3072 1329 3139 sententia)
1338 3067 1457 3123 Vahlen:

341 3160 389 3212 tua
401 3159 515 3212 eruditio
526 3158 636 3212 turbata
648 3157 686 3211 sit
697 3159 739 3211 Pr
791 3158 810 3216 5
827 3158 975 3212 declararit
995 3159 1130 3225 Wopkens
1149 3160 1162 3225 ΙΙ
1182 3156 1307 3210 incertior
1323 3154 1456 3210 Vrsinus:

342 3245 438 3301 certior
451 3247 504 3310 Pr,
517 3261 569 3299 non
580 3244 676 3298 certior
692 3244 784 3299 Vonct
796 3245 828 3297 L.
842 3246 875 3297 L.
886 3262 914 3312 p.
928 3248 963 3299 55
1015 3244 1033 3300 6
1045 3244 1144 3298 Natale
1155 3244 1307 3297 Heumann
1359 3239 1377 3295 7
1396 3237 1458 3290 sim·

340 3331 465 3400 plicitate
481 3331 626 3385 Gelenius.-
644 3330 797 3385 subtilitate
814 3331 988 3399 simplicitate
1001 3332 1043 3385 Pr
1094 3330 1112 3386 8
1130 3331 1161 3383 ut
1173 3329 1205 3381 fit
1222 3328 1369 3382 Gelenius:
1382 3320 1458 3376 nteit

341 3419 385 3471 Pr
399 3418 412 3486 11
428 3417 578 3471 diffinditur
595 3416 737 3471 Gelenius:
750 3417 908 3470 diffunditur
920 3418 963 3470 Pr
967 3437 978 3484 ,·
991 3418 1026 3484 cf.
1044 3417 1122 3485 Verp.
1135 3415 1204 3469 Aen.
1218 3418 1245 3481 6,
1258 3416 1314 3467 540
1366 3407 1458 3476 equis

342 3505 381 3572 P,
393 3503 440 3557 sed
452 3519 468 3557 a
480 3520 568 3572 erese,
586 3504 650 3559 binc
662 3504 709 3572 qui
721 3520 748 3567 r;
768 3503 832 3571 quia
843 3504 916 3556 uiam
927 3503 1012 3555 nescit
1023 3503 1096 3556 obelo
1104 3501 1214 3564 notauit
1222 3500 1367 3567 Wopkens,
1379 3506 1457 3564 quam

341 3590 414 3643 uiam
434 3590 508 3643 ineat
527 3590 620 3642 haeret
631 3590 723 3642 anxius
739 3589 844 3643 Vahlen
867 3591 879 3656 ΙΙ
898 3588 974 3642 haret
987 3589 1014 3642 P
1060 3588 1096 3643 11
1115 3586 1256 3655 suspitior
1301 3584 1337 3641 13
1355 3579 1457 3637 aestuet

340 3674 496 3729 Menrsr'us:
515 3677 591 3728 aestu
607 3676 635 3727 61
646 3676 689 3728 Pr
748 3674 786 3730 14
797 3674 959 3728 eomuincam
971 3674 999 3727 P
1019 3676 1032 3742 11
1054 3672 1219 3741 redarguam,
1230 3670 1365 3739 quamuis]
1376 3668 1415 3722 sie
1425 3665 1456 3716 in

341 3762 370 3815 P
381 3758 542 3815 distinctum
553 3766 606 3827 est,·
624 3760 782 3829 redarguam
791 3759 912 3827 quamuis
921 3760 1006 3829 nnlpo
1025 3761 1037 3827 11
1058 3758 1180 3826 quamuis
1189 3757 1294 3810 diuersa
1306 3771 1373 3823 quae
1384 3751 1455 3805 dieta

341 3848 404 3901 sunt
424 3862 476 3900 una
496 3846 611 3899 ueritate
627 3845 781 3899 confirmata
800 3848 937 3914 pronataq.
956 3844 1012 3898 sint
1026 3860 1074 3898 nec
1092 3845 1133 3911 P,-
1160 3843 1273 3897 nerbnn
1290 3842 1357 3904 sint,
1384 3833 1455 3907 qnod

340 3934 431 3987 alieno
440 3934 497 3987 loco
502 3933 623 4000 positum
634 3948 689 3985 esse
697 3938 821 4000 apparet,
831 3931 890 3985 Juc.
902 3932 1059 3985 Grononins
1066 3936 1130 3998 poet
1139 3929 1245 3983 diuersa
1254 3924 1423 3995 transposuit

342 4020 379 4078 15
391 4019 423 4072 de
435 4020 522 4072 cetero
533 4018 586 4071 erit
597 4018 689 4071 nolin
732 4017 769 4073 17
782 4018 959 4071 stomacariP
998 4016 1035 4073 18
1045 4016 1159 4083 sciatrl}
1174 4014 1302 4068 delectur
1349 4011 1453 4077 19p10·

341 4107 441 4159 creatos
451 4120 507 4158 esse
516 4104 658 4157 Menrsa‘us
710 4102 749 4159 20
758 4106 850 4157 nactos
864 4121 880 4157 r
895 4104 908 4171 11
922 4102 1044 4173 indeptos
1053 4117 1110 4155 esse
1119 4102 1268 4164 Wowerns‚
1281 4099 1387 4152 indutos
1398 4106 1453 4147 esse

345 4191 492 4259 Wopkens,
510 4190 621 4244 insitam
640 4189 737 4243 habere
754 4189 899 4257 Lindner;
917 4205 965 4243 nec
977 4188 1085 4242 fortuna
1101 4186 1205 4251 datam,
1227 4185 1272 4239 sed
1284 4187 1379 4238 natura
1390 4177 1453 4233 insi·

340 4278 464 4329 tamesse
477 4275 636 4345 sapientiam
647 4274 782 4330 1166ιὲ11166
843 4274 1076 4343 2lphilosoiosP
1137 4273 1176 4329 22
1194 4272 1314 4325 exierunt
1324 4270 1364 4337 P,
1381 4260 1451 4321 aedi

341 4363 469 4415 stn2
