3050 4984
523 368 637 425 Ghrorn
656 368 677 432 I,
696 367 817 426 21-23·
1184 368 1227 434 25

86 523 249 588 obsidioni
263 523 364 590 faedo
381 524 434 588 eod
444 525 532 588 Iesus
541 525 605 589 Deo
621 525 727 603 iustus
740 543 801 593 non
815 524 974 590 nunaut
985 523 1104 588 uiribus
1118 522 1228 586 urbem

87 645 275 711 aggressus,
297 626 371 690 ferri
390 645 492 692 aream
506 627 565 691 Dei
580 628 659 693 eirea
672 645 777 693 mame
791 628 878 692 iubet
891 627 1119 708 saoordotosque
1137 641 1225 707 prae-

89 730 135 793 ire
159 748 266 794 ernam
284 730 317 794 et
336 729 412 794 tube
432 747 545 796 oauore
567 731 620 795 eed
639 749 711 796 oum
724 749 794 796 area
807 730 919 812 septies
939 729 1122 794 enoumaota
1136 728 1226 806 emet,

89 831 178 896 muri
199 850 237 896 ao
256 833 356 896 tumes
377 831 586 911 condiderunt,
608 833 762 915 direptum
781 833 929 915 oppidum
948 833 1040 914 atque
1059 831 1226 896 insensum.

0 980 1 1009 p
67 935 166 999 stum
180 935 270 998 Iesus
281 935 382 998 Deum
396 933 548 999 truditur.
564 985 570 999 .
586 935 676 1000 .inde
690 937 836 1002 aduersae
846 933 930 1000 ooth
942 934 1053 999 duetus
1067 932 1257 1011 exereituat»

90 1036 267 1118 donatisque
287 1055 308 1100 a
327 1037 414 1120 teugo
435 1037 521 1102 urbis
542 1037 678 1116 insidiis,
701 1039 788 1103 Iesus
808 1039 928 1103 metm
952 1036 1118 1113 simulans,
1140 1037 1228 1118 terga

90 1139 177 1203 hosti
192 1138 290 1204 dedit.
312 1155 371 1220 quo
385 1139 453 1206 uiso
474 1139 528 1221 qui
542 1139 575 1206 in
589 1140 701 1222 oppido
715 1142 801 1206 erant
814 1139 990 1222 patentibus
1005 1139 1101 1220 portis
1116 1139 1224 1204 ceden-

89 1241 179 1306 tibus
193 1241 321 1306 instare.
336 1241 438 1320 ttoni,
455 1242 507 1324 qui
521 1241 554 1308 in
567 1242 690 1308 insidiis
704 1242 835 1321 fuerant,
850 1261 980 1308 uaouam
993 1241 1100 1308 urbem
1113 1259 1227 1323 eamne,

91 1343 238 1426 mosique
258 1361 363 1408 omnes
383 1343 497 1426 absquo
510 1344 605 1410 udliuus
620 1345 749 1429 effugio:
771 1365 824 1410 reu
837 1345 945 1426 eaptus
958 1361 1138 1425 summoque
1153 1362 1226 1425 eup-

1 1529 2 1534 1
59 1471 83 1510 a
90 1447 187 1529 plinio
203 1446 342 1512 affeetu.

136 1547 231 1628 Quod
259 1548 314 1614 ubi
341 1549 513 1616 uicinorum
539 1550 680 1633 gentium
714 1549 838 1634 regibus
871 1550 1061 1630 oompertum
1087 1549 1149 1625 est,
1195 1547 1280 1623 inte

1 1687 2 1696 κ
92 1653 218 1718 bellum
238 1651 412 1734 oonspirent
431 1653 584 1718 Hebraeos
604 1653 699 1718 armis
719 1652 876 1734 depellere.
904 1671 1012 1718 uerum
1031 1649 1228 1728 Gabaonitao,

93 1775 170 1840 geue
186 1754 294 1820 ualida
309 1773 344 1819 er
358 1756 433 1820 urbe
448 1756 603 1838 opulenta,
626 1757 708 1820 ultro
722 1775 754 1822 sa
769 1756 917 1822 Hebraeis
930 1755 1125 1832 dediderunt,
1146 1754 1230 1819 iussa

94 1859 235 1923 facturos
256 1859 448 1939 polluentes,
468 1859 640 1940 reoeptique
653 1859 688 1924 in
701 1858 809 1926 fidem:
830 1861 866 1923 ut
886 1859 971 1942 ligna
986 1859 1019 1922 et
1031 1876 1143 1940 aquam
1156 1875 1228 1925 oon·

63 1961 248 2028 reuehereut
268 1961 462 2042 imperatum.
485 1962 537 2026 sed
551 1961 675 2045 regibm
689 1961 897 2044 proximarum
910 1960 1165 2026 urbiumdeditio
1178 1970 1259 2026 eost

96 2084 169 2128 rum
190 2064 254 2130 irae
275 2062 454 2128 oonoiueret
477 2063 582 2145 itaque
601 2063 733 2128 admotis
756 2064 852 2146 oopiis
873 2063 1020 2146 oppidum
1041 2082 1146 2128 eorum
1165 2061 1229 2126 da-

97 2166 195 2230 baoth
210 2165 335 2230 nornine
348 2165 503 2233 obsidione
517 2166 757 2232 eboumeistuut.
773 2166 871 2249 igitur
885 2166 1037 2248 oppidani,
1048 2165 1126 2230 artis
1139 2165 1229 2228 rebus

97 2269 179 2346 suis,
201 2267 328 2332 nuntios
343 2267 382 2332 ad
397 2269 500 2332 Iesum
513 2268 659 2346 mittunt,
681 2269 810 2334 obsessis
831 2269 880 2333 uti
900 2268 1095 2332 euoourreret.
1116 2267 1162 2333 ite
1175 2266 1258 2333 ildeb

98 2370 258 2437 maturato
278 2370 387 2437 itinere
406 2370 634 2452 inopinantibus
649 2370 825 2453 superuenit
837 2389 982 2451 caesaque
996 2370 1036 2433 ad
1049 2368 1229 2435 interneoio·

65 2490 91 2534 ao
98 2491 171 2540 nem
177 2473 281 2539 multe
292 2472 428 2539 hostiurn
439 2473 537 2540 milia
544 2473 685 2540 oumdiee
693 2474 850 2540 eosdm
860 2471 1002 2537 defioerot
1009 2488 1127 2552 noxque
1137 2469 1230 2535 dietis

98 2575 208 2640 future
221 2574 373 2656 praesidio
388 2575 550 2654 uideretur,
562 2576 672 2642 merito
683 2575 754 2642 fidoi
764 2576 827 2642 dux
837 2575 994 2642 Hebraea
1007 2574 1129 2639 nostem
1142 2591 1230 2638 auer-

98 2679 150 2756 tit,
166 2677 234 2742 dies
250 2678 469 2759 perseueraret:
490 2678 536 2744 ita
548 2678 672 2744 nuiduun
685 2678 826 2744 hostibus
840 2678 991 2762 effugium
1004 2676 1075 2741 fnit.
1097 2675 1230 2757 quinque
1244 2718 1248 2731 ·
1263 2710 1267 2724 =

99 2799 188 2864 reges
211 2780 294 2862 eapti
315 2779 468 2846 ntorfeoti
490 2781 570 2846 suut.
595 2781 700 2846 eodm
722 2781 841 2863 impetu
861 2781 980 2846 uieinao
1002 2797 1120 2861 quoque
1140 2779 1231 2845 urbes

98 2883 231 2966 imperio
243 2883 533 2966 adiootaoregeequo
544 2898 651 2950 urum
660 2884 819 2965 perempti.
835 2902 944 2951 uorum
955 2882 1028 2964 qruia
1041 2881 1144 2946 omnia
1157 2881 1261 2947 haeot

67 3009 90 3052 a
98 2987 132 3052 in
146 2985 288 3052 ordinem
302 2985 441 3068 persequi
449 3003 516 3050 'non
535 2983 600 3051 fuit
612 2985 789 3064 eonsilium,
806 2987 888 3053 -dum
900 2985 1047 3050 bmuitati
1061 2985 1230 3065 studemus„

98 3292 117 3346 J
195 3207 222 3347 21
242 3207 295 3260 Joe
315 3206 342 3262 6.
378 3204 507 3264 bdoass.
547 3207 582 3262 11
601 3206 655 3260 Joe.
675 3205 701 3262 9.
747 3205 784 3262 16
802 3206 856 3259 dos
877 3205 923 3262 10.
966 3203 1078 3260 23Jos.
1098 3202 1142 3258 11.
1191 3199 1254 3259 nd.

116 3309 152 3346 os.
175 3293 221 3348 1.

152 3477 278 3535 lfaeilis
297 3479 340 3532 Pb
360 3479 372 3545 ΙΙ
392 3477 537 3534 Dominob
600 3478 795 3535 3eiroumaota
816 3478 856 3533 P:
887 3476 1071 3531 oncumlatab
1142 3475 1231 3531 dtur·

1 3575 2 3588 ²
98 3581 141 3618 res
163 3565 221 3618 Pb:
240 3564 323 3618 turris
344 3563 403 3617 edd.
425 3565 526 3618 multae
546 3565 644 3618 uitione
682 3562 887 3622 ‘5Dominn1n
906 3561 923 3615 b
942 3563 955 3630 {l
973 3560 1102 3630 traditur]
1122 3560 1231 3628 supplet

104 3650 265 3705 euentus
277 3666 310 3704 ex
322 3648 425 3704 Joseeoe
436 3665 495 3718 cop.
510 3653 536 3717 6,
546 3648 602 3704 26:
622 3649 689 3702 Tum
705 3649 784 3702 Jesue
799 3648 942 3702 Dominum
959 3647 1076 3700 traditur
1088 3646 1230 3706 allocutus,

99 3736 135 3789 iis
145 3735 219 3789 male
229 3735 371 3804 preeundo,
390 3735 436 3803 qui
453 3734 599 3788 Hieriohon
615 3734 740 3803 oppidum
756 3749 805 3802 ope
820 3732 914 3786 diuina
929 3731 1111 3788 disturbatum
1127 3731 1230 3784 instaur

98 3837 160 3875 rare
181 3821 395 3891 aggrederentur.
426 3822 438 3889 Η
466 3819 537 3875 Geth
558 3821 615 3874 Pb:
634 3819 685 3874 Gai
703 3819 1012 3886 deProtosproeeomte
1031 3817 1149 3882 Drueio)
1169 3829 1231 3869 eoem

99 3906 207 3977 praecia
216 3905 315 3960 Boebes
326 3911 352 3960 et
360 3903 530 3975 Hieronymo
542 3904 576 3958 ote
588 3905 653 3959 tonia
661 3903 822 3958 Palestinae
839 3904 852 3971 ΙΙ
872 3903 1017 3958 exoereitus
1025 3904 1054 3956 P
1099 3901 1137 3957 12
1149 3900 1226 3954 ‘mee-

99 3993 152 4047 lem
172 3997 282 4046 tautum
302 3991 347 4045 teet
367 3991 396 4044 in
415 3989 517 4044 bellum
537 3990 690 4058 oonepirant
706 3990 752 4043 oet
771 3989 923 4058 oonspirant
939 3991 972 4043 IL
991 3988 1072 4043 armis
1087 3984 1228 4054 depellere'

101 4077 138 4132 de
160 4077 276 4141 Prato;
311 4077 346 4143 of.
372 4077 500 4144 H,11,4
577 4074 615 4131 13
638 4074 796 4128 dediderunt
824 4075 996 4129 Galerium
1033 4071 1161 4126 dederunt
1185 4071 1230 4124 Pb

154 4161 193 4218 14
209 4162 302 4216 metm
313 4160 482 4230 reoeptisque
491 4159 521 4214 in
532 4159 611 4214 fidem
621 4201 626 4215 .
638 4201 644 4214 .
654 4160 815 4230 imperatum
864 4160 901 4217 16
913 4157 1036 4216 Gabaoth
1045 4157 1103 4210 Pb:
1116 4154 1227 4211 Gabaon

101 4247 226 4302 Drousias
289 4247 326 4304 17
345 4246 413 4300 ertio
434 4247 461 4300 P
478 4265 488 4301 .·’
505 4245 588 4300 aretis
612 4247 627 4300 b
692 4245 730 4304 18
745 4245 863 4300 nuntiies
884 4246 947 4313 (eie)
968 4244 996 4296 P
1013 4244 1026 4311 lt
1046 4243 1183 4295 euoourret
1201 4242 1232 4296 P

154 4332 191 4390 19
210 4331 422 4388 internecionem
437 4334 441 4400 1
457 4330 515 4386 ulta
527 4332 555 4385 P
