<?xml version="1.0" encoding="UTF-8"?>
<!DOCTYPE html PUBLIC "-//W3C//DTD XHTML 1.0 Transitional//EN"
    "http://www.w3.org/TR/xhtml1/DTD/xhtml1-transitional.dtd">
<html xmlns="http://www.w3.org/1999/xhtml" xml:lang="en" lang="en">
 <head>
  <title>
</title>
<meta http-equiv="Content-Type" content="text/html;charset=utf-8" />
  <meta name='ocr-system' content='tesseract 3.04.00' />
  <meta name='ocr-capabilities' content='ocr_page ocr_carea ocr_par ocr_line ocrx_word'/>
</head>
<body>
  <div class='ocr_page' id='page_1' title='image "./corpusscriptoru02wissgoog_0353.png"; bbox 0 0 3050 4984; ppageno 0'>
   <div class='ocr_carea' id='block_1_1' title="bbox 481 378 1214 443">
    <p class='ocr_par' dir='ltr' id='par_1_1' title="bbox 481 378 1214 443">
     <span class='ocr_line' id='line_1_1' title="bbox 481 378 1214 443; baseline 0.012 -9"><span class='ocrx_word' id='word_1_1' title='bbox 481 378 644 434; x_wconf 86' lang='lat' dir='ltr'>Octauius</span> <span class='ocrx_word' id='word_1_2' title='bbox 662 394 683 433; x_wconf 88' lang='lat' dir='ltr'>c.</span> <span class='ocrx_word' id='word_1_3' title='bbox 704 378 822 435; x_wconf 77' lang='lat'>18-19.</span> <span class='ocrx_word' id='word_1_4' title='bbox 1171 378 1214 443; x_wconf 78' lang='grc'>25</span> 
     </span>
    </p>
   </div>
   <div class='ocr_carea' id='block_1_2' title="bbox 9 532 1311 2986">
    <p class='ocr_par' dir='ltr' id='par_1_2' title="bbox 66 532 1265 1438">
     <span class='ocr_line' id='line_1_2' title="bbox 96 532 1214 617; baseline -0.001 -20"><span class='ocrx_word' id='word_1_5' title='bbox 96 533 271 615; x_wconf 82' lang='lat' dir='ltr'>suspiceris,</span> <span class='ocrx_word' id='word_1_6' title='bbox 293 533 321 597; x_wconf 89' lang='lat' dir='ltr'>si</span> <span class='ocrx_word' id='word_1_7' title='bbox 337 533 511 611; x_wconf 88' lang='lat' dir='ltr'>dominum,</span> <span class='ocrx_word' id='word_1_8' title='bbox 538 532 692 617; x_wconf 74' lang='lat' dir='ltr'>intellegis</span> <span class='ocrx_word' id='word_1_9' title='bbox 708 534 815 615; x_wconf 89' lang='grc'><strong>611666</strong></span> <span class='ocrx_word' id='word_1_10' title='bbox 829 534 1002 598; x_wconf 79' lang='lat' dir='ltr'><strong>mortalem.</strong></span> <span class='ocrx_word' id='word_1_11' title='bbox 1026 533 1111 598; x_wconf 84' lang='lat' dir='ltr'>aufer</span> <span class='ocrx_word' id='word_1_12' title='bbox 1125 532 1214 596; x_wconf 89' lang='lat' dir='ltr'>addi·</span> 
     </span>
     <span class='ocr_line' id='line_1_3' title="bbox 94 636 1262 718; baseline -0.003 -18"><span class='ocrx_word' id='word_1_13' title='bbox 94 637 231 700; x_wconf 84' lang='lat' dir='ltr'>tamenta</span> <span class='ocrx_word' id='word_1_14' title='bbox 242 637 401 701; x_wconf 87' lang='lat' dir='ltr'><strong>nominum</strong></span> <span class='ocrx_word' id='word_1_15' title='bbox 413 638 444 701; x_wconf 89' lang='lat' dir='ltr'>et</span> <span class='ocrx_word' id='word_1_16' title='bbox 455 637 882 717; x_wconf 87' lang='lat' dir='ltr'>perspiciesciusolaritatem.</span> <span class='ocrx_word' id='word_1_17' title='bbox 899 636 973 718; x_wconf 90' lang='lat' dir='ltr'>quid</span> <span class='ocrx_word' id='word_1_18' title='bbox 984 636 1065 717; x_wconf 90' lang='lat' dir='ltr'>quod</span> <span class='ocrx_word' id='word_1_19' title='bbox 1076 636 1214 700; x_wconf 90' lang='lat' dir='ltr'>omnium</span> <span class='ocrx_word' id='word_1_20' title='bbox 1225 643 1262 698; x_wconf 89' lang='lat'>11</span> 
     </span>
     <span class='ocr_line' id='line_1_4' title="bbox 95 737 1214 823; baseline -0.002 -21"><span class='ocrx_word' id='word_1_21' title='bbox 95 737 129 802; x_wconf 94' lang='grc'>16</span> <span class='ocrx_word' id='word_1_22' title='bbox 149 740 211 804; x_wconf 89' lang='grc'><strong>1616</strong></span> <span class='ocrx_word' id='word_1_23' title='bbox 231 740 326 805; x_wconf 90' lang='lat' dir='ltr'>habeo</span> <span class='ocrx_word' id='word_1_24' title='bbox 342 742 542 804; x_wconf 81' lang='lat' dir='ltr'>consensum?</span> <span class='ocrx_word' id='word_1_25' title='bbox 569 739 659 804; x_wconf 88' lang='lat' dir='ltr'>audio</span> <span class='ocrx_word' id='word_1_26' title='bbox 675 739 805 823; x_wconf 86' lang='lat' dir='ltr'>uulgus:</span> <span class='ocrx_word' id='word_1_27' title='bbox 832 759 903 804; x_wconf 90' lang='lat' dir='ltr'>oum</span> <span class='ocrx_word' id='word_1_28' title='bbox 917 738 956 802; x_wconf 90' lang='lat' dir='ltr'>ad</span> <span class='ocrx_word' id='word_1_29' title='bbox 971 738 1089 803; x_wconf 89' lang='lat' dir='ltr'>caelum</span> <span class='ocrx_word' id='word_1_30' title='bbox 1104 756 1214 803; x_wconf 90' lang='lat' dir='ltr'>manus</span> 
     </span>
     <span class='ocr_line' id='line_1_5' title="bbox 93 828 1214 924; baseline -0.001 -19"><span class='ocrx_word' id='word_1_31' title='bbox 93 842 238 920; x_wconf 86' lang='lat' dir='ltr'>tendunt,</span> <span class='ocrx_word' id='word_1_32' title='bbox 253 842 332 906; x_wconf 83' lang='lat' dir='ltr'>nihil</span> <span class='ocrx_word' id='word_1_33' title='bbox 347 842 433 906; x_wconf 90' lang='lat' dir='ltr'>aliud</span> <span class='ocrx_word' id='word_1_34' title='bbox 447 860 540 923; x_wconf 87' lang='lat' dir='ltr'>quam</span> <span class='ocrx_word' id='word_1_35' title='bbox 555 830 677 907; x_wconf 82' lang='lat' dir='ltr'>‘Deum&#39;</span> <span class='ocrx_word' id='word_1_36' title='bbox 690 842 797 906; x_wconf 94' lang='lat' dir='ltr'>dicunt</span> <span class='ocrx_word' id='word_1_37' title='bbox 812 842 843 906; x_wconf 92' lang='lat' dir='ltr'>et</span> <span class='ocrx_word' id='word_1_38' title='bbox 855 833 950 906; x_wconf 86' lang='lat' dir='ltr'>‘Deus</span> <span class='ocrx_word' id='word_1_39' title='bbox 965 859 1095 924; x_wconf 83' lang='lat' dir='ltr'>magnus</span> <span class='ocrx_word' id='word_1_40' title='bbox 1110 828 1167 905; x_wconf 81' lang='lat' dir='ltr'>est&#39;</span> <span class='ocrx_word' id='word_1_41' title='bbox 1182 842 1214 905; x_wconf 90' lang='lat' dir='ltr'>et</span> 
     </span>
     <span class='ocr_line' id='line_1_6' title="bbox 66 932 1213 1027; baseline 0.001 -22"><span class='ocrx_word' id='word_1_42' title='bbox 66 936 184 1009; x_wconf 73' lang='lat' dir='ltr'>s‘Dsus</span> <span class='ocrx_word' id='word_1_43' title='bbox 205 964 296 1009; x_wconf 80' lang='lat' dir='ltr'>uerus</span> <span class='ocrx_word' id='word_1_44' title='bbox 318 932 375 1009; x_wconf 80' lang='lat' dir='ltr'>est&#39;</span> <span class='ocrx_word' id='word_1_45' title='bbox 397 947 428 1009; x_wconf 91' lang='lat' dir='ltr'>et</span> <span class='ocrx_word' id='word_1_46' title='bbox 447 938 484 1008; x_wconf 81' lang='lat' dir='ltr'>‘si</span> <span class='ocrx_word' id='word_1_47' title='bbox 505 944 587 1009; x_wconf 91' lang='lat' dir='ltr'>Deus</span> <span class='ocrx_word' id='word_1_48' title='bbox 609 932 747 1009; x_wconf 80' lang='lat' dir='ltr'>dederit&#39;</span> <span class='ocrx_word' id='word_1_49' title='bbox 768 944 858 1027; x_wconf 84' lang='lat' dir='ltr'>uulgi</span> <span class='ocrx_word' id='word_1_50' title='bbox 877 944 937 1008; x_wconf 90' lang='lat' dir='ltr'>ists</span> <span class='ocrx_word' id='word_1_51' title='bbox 951 943 1099 1007; x_wconf 86' lang='lat' dir='ltr'>naturalis</span> <span class='ocrx_word' id='word_1_52' title='bbox 1114 960 1213 1007; x_wconf 87' lang='lat' dir='ltr'>sermo</span> 
     </span>
     <span class='ocr_line' id='line_1_7' title="bbox 93 1045 1214 1129; baseline -0.003 -18"><span class='ocrx_word' id='word_1_53' title='bbox 93 1048 136 1111; x_wconf 88' lang='grc'>661</span> <span class='ocrx_word' id='word_1_54' title='bbox 155 1066 196 1111; x_wconf 93' lang='lat' dir='ltr'>an</span> <span class='ocrx_word' id='word_1_55' title='bbox 211 1045 377 1111; x_wconf 79' lang='lat' dir='ltr'>Christiani</span> <span class='ocrx_word' id='word_1_56' title='bbox 397 1046 568 1111; x_wconf 89' lang='lat' dir='ltr'>confitentis</span> <span class='ocrx_word' id='word_1_57' title='bbox 589 1047 707 1112; x_wconf 82' lang='lat' dir='ltr'>oratio?</span> <span class='ocrx_word' id='word_1_58' title='bbox 734 1047 765 1111; x_wconf 90' lang='lat' dir='ltr'>et</span> <span class='ocrx_word' id='word_1_59' title='bbox 780 1046 833 1128; x_wconf 93' lang='lat' dir='ltr'>qui</span> <span class='ocrx_word' id='word_1_60' title='bbox 848 1046 955 1110; x_wconf 91' lang='lat' dir='ltr'>Iouem</span> <span class='ocrx_word' id='word_1_61' title='bbox 969 1046 1137 1129; x_wconf 92' lang='lat' dir='ltr'>principem</span> <span class='ocrx_word' id='word_1_62' title='bbox 1157 1062 1214 1110; x_wconf 90' lang='lat' dir='ltr'>uo-</span> 
     </span>
     <span class='ocr_line' id='line_1_8' title="bbox 91 1149 1147 1232; baseline 0.001 -20"><span class='ocrx_word' id='word_1_63' title='bbox 91 1149 175 1227; x_wconf 87' lang='lat' dir='ltr'>lunt,</span> <span class='ocrx_word' id='word_1_64' title='bbox 202 1150 354 1215; x_wconf 87' lang='lat' dir='ltr'>falluntur</span> <span class='ocrx_word' id='word_1_65' title='bbox 368 1150 401 1214; x_wconf 94' lang='lat' dir='ltr'>in</span> <span class='ocrx_word' id='word_1_66' title='bbox 414 1151 554 1228; x_wconf 86' lang='lat' dir='ltr'>nomine,</span> <span class='ocrx_word' id='word_1_67' title='bbox 581 1151 634 1214; x_wconf 92' lang='grc'>661</span> <span class='ocrx_word' id='word_1_68' title='bbox 649 1150 686 1213; x_wconf 92' lang='grc'>16</span> <span class='ocrx_word' id='word_1_69' title='bbox 701 1169 761 1214; x_wconf 92' lang='lat' dir='ltr'>una</span> <span class='ocrx_word' id='word_1_70' title='bbox 776 1151 928 1232; x_wconf 74' lang='lat' dir='ltr'>potestate</span> <span class='ocrx_word' id='word_1_71' title='bbox 946 1149 1147 1215; x_wconf 90' lang='lat' dir='ltr'>consentiunt.</span> 
     </span>
     <span class='ocr_line' id='line_1_9' title="bbox 129 1251 1265 1335; baseline 0 -19"><span class='ocrx_word' id='word_1_72' title='bbox 129 1251 235 1317; x_wconf 87' lang='lat' dir='ltr'>Audio</span> <span class='ocrx_word' id='word_1_73' title='bbox 246 1254 352 1335; x_wconf 90' lang='lat' dir='ltr'>poetas</span> <span class='ocrx_word' id='word_1_74' title='bbox 364 1272 481 1335; x_wconf 90' lang='grc'><strong>666666</strong></span> <span class='ocrx_word' id='word_1_75' title='bbox 496 1272 592 1318; x_wconf 87' lang='lat' dir='ltr'>unum</span> <span class='ocrx_word' id='word_1_76' title='bbox 603 1255 723 1335; x_wconf 90' lang='lat' dir='ltr'>patrem</span> <span class='ocrx_word' id='word_1_77' title='bbox 734 1253 843 1317; x_wconf 80' lang='grc'><strong>116661</strong></span> <span class='ocrx_word' id='word_1_78' title='bbox 854 1253 945 1335; x_wconf 85' lang='grc'><strong>61666</strong></span> <span class='ocrx_word' id='word_1_79' title='bbox 955 1252 1116 1317; x_wconf 90' lang='lat' dir='ltr'>hominum</span> <span class='ocrx_word' id='word_1_80' title='bbox 1126 1270 1212 1333; x_wconf 91' lang='lat' dir='ltr'>prae-</span> <span class='ocrx_word' id='word_1_81' title='bbox 1225 1253 1265 1316; x_wconf 74' lang='grc'>19</span> 
     </span>
     <span class='ocr_line' id='line_1_10' title="bbox 92 1353 1214 1438; baseline 0.003 -21"><span class='ocrx_word' id='word_1_82' title='bbox 92 1353 244 1434; x_wconf 81' lang='lat' dir='ltr'>dicantes,</span> <span class='ocrx_word' id='word_1_83' title='bbox 271 1357 302 1419; x_wconf 93' lang='lat' dir='ltr'>et</span> <span class='ocrx_word' id='word_1_84' title='bbox 322 1356 417 1421; x_wconf 88' lang='lat' dir='ltr'>talem</span> <span class='ocrx_word' id='word_1_85' title='bbox 433 1374 497 1421; x_wconf 89' lang='grc'><strong>6666</strong></span> <span class='ocrx_word' id='word_1_86' title='bbox 517 1356 696 1420; x_wconf 79' lang='lat' dir='ltr'><strong>mortalium</strong></span> <span class='ocrx_word' id='word_1_87' title='bbox 709 1357 848 1420; x_wconf 90' lang='lat' dir='ltr'>mentem</span> <span class='ocrx_word' id='word_1_88' title='bbox 866 1357 989 1437; x_wconf 91' lang='lat' dir='ltr'>qualem</span> <span class='ocrx_word' id='word_1_89' title='bbox 1013 1374 1121 1438; x_wconf 88' lang='lat' dir='ltr'>parens</span> <span class='ocrx_word' id='word_1_90' title='bbox 1147 1375 1214 1420; x_wconf 92' lang='lat' dir='ltr'>om·</span> 
     </span>
    </p>

    <p class='ocr_par' dir='ltr' id='par_1_3' title="bbox 64 1457 1242 1748">
     <span class='ocr_line' id='line_1_11' title="bbox 64 1457 1242 1541; baseline 0.003 -22"><span class='ocrx_word' id='word_1_91' title='bbox 64 1481 84 1519; x_wconf 85' lang='grc'>6</span> <span class='ocrx_word' id='word_1_92' title='bbox 91 1457 177 1521; x_wconf 89' lang='lat' dir='ltr'>nium</span> <span class='ocrx_word' id='word_1_93' title='bbox 189 1458 273 1523; x_wconf 91' lang='lat' dir='ltr'>diem</span> <span class='ocrx_word' id='word_1_94' title='bbox 285 1458 447 1523; x_wconf 83' lang='lat' dir='ltr'>induxerit.</span> <span class='ocrx_word' id='word_1_95' title='bbox 461 1457 536 1540; x_wconf 92' lang='lat' dir='ltr'>quid</span> <span class='ocrx_word' id='word_1_96' title='bbox 547 1458 731 1524; x_wconf 83' lang='lat' dir='ltr'>Mantuanus</span> <span class='ocrx_word' id='word_1_97' title='bbox 743 1458 852 1524; x_wconf 80' lang='lat' dir='ltr'>Maro?</span> <span class='ocrx_word' id='word_1_98' title='bbox 863 1478 963 1524; x_wconf 91' lang='lat' dir='ltr'>nonne</span> <span class='ocrx_word' id='word_1_99' title='bbox 974 1459 1120 1541; x_wconf 88' lang='lat' dir='ltr'>apertius,</span> <span class='ocrx_word' id='word_1_100' title='bbox 1142 1460 1242 1541; x_wconf 83' lang='lat' dir='ltr'>pro-2</span> 
     </span>
     <span class='ocr_line' id='line_1_12' title="bbox 91 1559 1214 1643; baseline 0 -18"><span class='ocrx_word' id='word_1_101' title='bbox 91 1559 218 1641; x_wconf 76' lang='lat' dir='ltr'>simius,</span> <span class='ocrx_word' id='word_1_102' title='bbox 250 1561 352 1626; x_wconf 90' lang='lat' dir='ltr'>uerius</span> <span class='ocrx_word' id='word_1_103' title='bbox 372 1561 570 1643; x_wconf 89' lang='lat' dir='ltr'>principio</span> <span class='ocrx_word' id='word_1_104' title='bbox 593 1562 638 1625; x_wconf 87' lang='lat' dir='ltr'>ait</span> <span class='ocrx_word' id='word_1_105' title='bbox 664 1562 812 1626; x_wconf 89' lang='lat' dir='ltr'>caelum</span> <span class='ocrx_word' id='word_1_106' title='bbox 841 1581 882 1627; x_wconf 89' lang='lat' dir='ltr'>ao</span> <span class='ocrx_word' id='word_1_107' title='bbox 911 1563 1035 1626; x_wconf 89' lang='lat' dir='ltr'>terras</span> <span class='ocrx_word' id='word_1_108' title='bbox 1061 1562 1093 1625; x_wconf 90' lang='lat' dir='ltr'>et</span> <span class='ocrx_word' id='word_1_109' title='bbox 1113 1561 1214 1626; x_wconf 89' lang='lat' dir='ltr'>cetera</span> 
     </span>
     <span class='ocr_line' id='line_1_13' title="bbox 91 1662 1212 1748; baseline 0.001 -22"><span class='ocrx_word' id='word_1_110' title='bbox 91 1662 199 1727; x_wconf 91' lang='lat' dir='ltr'>mundi</span> <span class='ocrx_word' id='word_1_111' title='bbox 213 1664 353 1729; x_wconf 91' lang='lat' dir='ltr'>membra</span> <span class='ocrx_word' id='word_1_112' title='bbox 378 1665 549 1747; x_wconf 89' lang='lat' dir='ltr'>spiritus</span> <span class='ocrx_word' id='word_1_113' title='bbox 575 1664 689 1729; x_wconf 88' lang='lat' dir='ltr'>intus</span> <span class='ocrx_word' id='word_1_114' title='bbox 715 1664 792 1729; x_wconf 91' lang='lat' dir='ltr'>alit</span> <span class='ocrx_word' id='word_1_115' title='bbox 817 1666 848 1729; x_wconf 91' lang='grc'>61</span> <span class='ocrx_word' id='word_1_116' title='bbox 872 1664 974 1730; x_wconf 86' lang='grc'><strong>161666</strong></span> <span class='ocrx_word' id='word_1_117' title='bbox 995 1683 1080 1729; x_wconf 91' lang='lat' dir='ltr'>mens</span> <span class='ocrx_word' id='word_1_118' title='bbox 1102 1663 1212 1748; x_wconf 83' lang='lat' dir='ltr'>agitat,</span> 
     </span>
    </p>

    <p class='ocr_par' dir='ltr' id='par_1_4' title="bbox 9 1765 1215 1953">
     <span class='ocr_line' id='line_1_14' title="bbox 9 1765 1215 1852; baseline -0.002 -19"><span class='ocrx_word' id='word_1_119' title='bbox 9 1828 10 1833; x_wconf 75' lang='grc'><strong>,</strong></span> <span class='ocrx_word' id='word_1_120' title='bbox 90 1765 179 1830; x_wconf 90' lang='grc'><strong>1616</strong></span> <span class='ocrx_word' id='word_1_121' title='bbox 208 1767 407 1832; x_wconf 90' lang='lat' dir='ltr'>hominum</span> <span class='ocrx_word' id='word_1_122' title='bbox 439 1768 703 1850; x_wconf 79' lang='lat' dir='ltr'>pecudumque</span> <span class='ocrx_word' id='word_1_123' title='bbox 731 1786 848 1852; x_wconf 85' lang='lat' dir='ltr'>genus</span> <span class='ocrx_word' id='word_1_124' title='bbox 879 1769 911 1833; x_wconf 92' lang='lat' dir='ltr'>et</span> <span class='ocrx_word' id='word_1_125' title='bbox 951 1768 1097 1849; x_wconf 91' lang='lat' dir='ltr'>quioquid</span> <span class='ocrx_word' id='word_1_126' title='bbox 1128 1766 1215 1831; x_wconf 90' lang='lat' dir='ltr'>aliud</span> 
     </span>
     <span class='ocr_line' id='line_1_15' title="bbox 91 1858 1214 1953; baseline 0.001 -20"><span class='ocrx_word' id='word_1_127' title='bbox 91 1870 294 1936; x_wconf 79' lang='lat' dir='ltr'>animalium?</span> <span class='ocrx_word' id='word_1_128' title='bbox 317 1871 399 1935; x_wconf 91' lang='lat' dir='ltr'>idem</span> <span class='ocrx_word' id='word_1_129' title='bbox 413 1872 474 1936; x_wconf 92' lang='lat' dir='ltr'>alio</span> <span class='ocrx_word' id='word_1_130' title='bbox 489 1872 555 1935; x_wconf 92' lang='lat' dir='ltr'>loco</span> <span class='ocrx_word' id='word_1_131' title='bbox 570 1872 706 1935; x_wconf 90' lang='lat' dir='ltr'>mentem</span> <span class='ocrx_word' id='word_1_132' title='bbox 726 1858 823 1936; x_wconf 87' lang='lat' dir='ltr'>istam</span> <span class='ocrx_word' id='word_1_133' title='bbox 837 1873 869 1936; x_wconf 95' lang='grc'>61</span> <span class='ocrx_word' id='word_1_134' title='bbox 884 1872 1029 1953; x_wconf 90' lang='lat' dir='ltr'>spiritum</span> <span class='ocrx_word' id='word_1_135' title='bbox 1052 1871 1144 1935; x_wconf 89' lang='lat' dir='ltr'>deum</span> <span class='ocrx_word' id='word_1_136' title='bbox 1158 1888 1214 1935; x_wconf 91' lang='lat' dir='ltr'>no-</span> 
     </span>
    </p>

    <p class='ocr_par' dir='ltr' id='par_1_5' title="bbox 63 1975 607 2041">
     <span class='ocr_line' id='line_1_16' title="bbox 63 1975 607 2041; baseline -0.007 0"><span class='ocrx_word' id='word_1_137' title='bbox 63 1976 197 2041; x_wconf 81' lang='lat' dir='ltr'>nminat.</span> <span class='ocrx_word' id='word_1_138' title='bbox 221 1977 296 2039; x_wconf 89' lang='lat' dir='ltr'>haec</span> <span class='ocrx_word' id='word_1_139' title='bbox 311 1975 393 2039; x_wconf 90' lang='lat' dir='ltr'>enim</span> <span class='ocrx_word' id='word_1_140' title='bbox 408 1975 501 2039; x_wconf 89' lang='lat' dir='ltr'>uerba</span> <span class='ocrx_word' id='word_1_141' title='bbox 521 1975 607 2038; x_wconf 89' lang='lat' dir='ltr'>sunt:</span> 
     </span>
    </p>

    <p class='ocr_par' dir='ltr' id='par_1_6' title="bbox 60 2078 1311 2986">
     <span class='ocr_line' id='line_1_17' title="bbox 479 2078 1092 2160; baseline 0.003 -19"><span class='ocrx_word' id='word_1_142' title='bbox 479 2078 587 2142; x_wconf 91' lang='lat' dir='ltr'>deum</span> <span class='ocrx_word' id='word_1_143' title='bbox 608 2097 772 2160; x_wconf 86' lang='lat' dir='ltr'>namque</span> <span class='ocrx_word' id='word_1_144' title='bbox 794 2079 854 2142; x_wconf 90' lang='lat' dir='ltr'>ire</span> <span class='ocrx_word' id='word_1_145' title='bbox 875 2097 941 2160; x_wconf 90' lang='lat' dir='ltr'>per</span> <span class='ocrx_word' id='word_1_146' title='bbox 962 2096 1092 2143; x_wconf 89' lang='lat' dir='ltr'>omnes</span> 
     </span>
     <span class='ocr_line' id='line_1_18' title="bbox 129 2181 1212 2263; baseline -0.004 -15"><span class='ocrx_word' id='word_1_147' title='bbox 129 2185 333 2262; x_wconf 89' lang='lat' dir='ltr'>terrasque</span> <span class='ocrx_word' id='word_1_148' title='bbox 348 2181 577 2261; x_wconf 90' lang='lat' dir='ltr'>tractusque</span> <span class='ocrx_word' id='word_1_149' title='bbox 592 2181 713 2245; x_wconf 92' lang='lat' dir='ltr'>maris</span> <span class='ocrx_word' id='word_1_150' title='bbox 729 2181 951 2263; x_wconf 90' lang='lat' dir='ltr'>caelumque</span> <span class='ocrx_word' id='word_1_151' title='bbox 966 2181 1212 2263; x_wconf 85' lang='lat' dir='ltr'>profundum,</span> 
     </span>
     <span class='ocr_line' id='line_1_19' title="bbox 130 2284 1158 2367; baseline -0.004 -17"><span class='ocrx_word' id='word_1_152' title='bbox 130 2286 229 2351; x_wconf 91' lang='lat' dir='ltr'>unde</span> <span class='ocrx_word' id='word_1_153' title='bbox 251 2284 421 2349; x_wconf 87' lang='lat' dir='ltr'>homines</span> <span class='ocrx_word' id='word_1_154' title='bbox 444 2286 481 2349; x_wconf 92' lang='grc'>61</span> <span class='ocrx_word' id='word_1_155' title='bbox 503 2284 682 2367; x_wconf 83' lang='lat' dir='ltr'>pecudes,</span> <span class='ocrx_word' id='word_1_156' title='bbox 712 2284 812 2348; x_wconf 92' lang='lat' dir='ltr'>unde</span> <span class='ocrx_word' id='word_1_157' title='bbox 834 2284 958 2348; x_wconf 87' lang='lat' dir='ltr'>imber</span> <span class='ocrx_word' id='word_1_158' title='bbox 980 2286 1017 2348; x_wconf 94' lang='grc'>61</span> <span class='ocrx_word' id='word_1_159' title='bbox 1039 2284 1158 2366; x_wconf 84' lang='lat' dir='ltr'>ignes.</span> 
     </span>
     <span class='ocr_line' id='line_1_20' title="bbox 89 2386 1241 2471; baseline 0.003 -18"><span class='ocrx_word' id='word_1_160' title='bbox 89 2389 162 2471; x_wconf 90' lang='grc'><strong>6611</strong></span> <span class='ocrx_word' id='word_1_161' title='bbox 173 2388 261 2453; x_wconf 91' lang='lat' dir='ltr'>aliud</span> <span class='ocrx_word' id='word_1_162' title='bbox 273 2388 304 2452; x_wconf 89' lang='lat' dir='ltr'>et</span> <span class='ocrx_word' id='word_1_163' title='bbox 319 2387 435 2453; x_wconf 87' lang='lat' dir='ltr'>anobis</span> <span class='ocrx_word' id='word_1_164' title='bbox 447 2388 530 2452; x_wconf 91' lang='lat' dir='ltr'>Deus</span> <span class='ocrx_word' id='word_1_165' title='bbox 542 2406 635 2468; x_wconf 88' lang='lat' dir='ltr'>quam</span> <span class='ocrx_word' id='word_1_166' title='bbox 645 2405 732 2451; x_wconf 91' lang='lat' dir='ltr'>mens</span> <span class='ocrx_word' id='word_1_167' title='bbox 744 2388 775 2451; x_wconf 92' lang='lat' dir='ltr'>et</span> <span class='ocrx_word' id='word_1_168' title='bbox 786 2387 865 2451; x_wconf 90' lang='lat' dir='ltr'>ratio</span> <span class='ocrx_word' id='word_1_169' title='bbox 877 2388 908 2451; x_wconf 88' lang='lat' dir='ltr'>st</span> <span class='ocrx_word' id='word_1_170' title='bbox 919 2386 1046 2467; x_wconf 89' lang='lat' dir='ltr'>spiritus</span> <span class='ocrx_word' id='word_1_171' title='bbox 1056 2387 1241 2468; x_wconf 86' lang='lat' dir='ltr'>praedica-3</span> 
     </span>
     <span class='ocr_line' id='line_1_21' title="bbox 60 2489 1212 2572; baseline -0.001 -18"><span class='ocrx_word' id='word_1_172' title='bbox 60 2493 160 2557; x_wconf 75' lang='lat' dir='ltr'>retur?</span> <span class='ocrx_word' id='word_1_173' title='bbox 171 2508 391 2569; x_wconf 68' lang='lat' dir='ltr'>recenseamus</span> <span class='ocrx_word' id='word_1_174' title='bbox 406 2490 552 2572; x_wconf 81' lang='grc'><strong>61616661,</strong></span> <span class='ocrx_word' id='word_1_175' title='bbox 565 2489 761 2571; x_wconf 81' lang='lat' dir='ltr'>disciplinam</span> <span class='ocrx_word' id='word_1_176' title='bbox 772 2490 1034 2572; x_wconf 89' lang='lat' dir='ltr'>philosophorum:</span> <span class='ocrx_word' id='word_1_177' title='bbox 1047 2489 1212 2570; x_wconf 91' lang='lat' dir='ltr'>deprehen-</span> 
     </span>
     <span class='ocr_line' id='line_1_22' title="bbox 88 2590 1311 2674; baseline 0.001 -16"><span class='ocrx_word' id='word_1_178' title='bbox 88 2595 222 2673; x_wconf 88' lang='lat' dir='ltr'>deseos,</span> <span class='ocrx_word' id='word_1_179' title='bbox 250 2594 309 2659; x_wconf 84' lang='lat' dir='ltr'>etsi</span> <span class='ocrx_word' id='word_1_180' title='bbox 324 2593 513 2659; x_wconf 86' lang='lat' dir='ltr'>sermonibus</span> <span class='ocrx_word' id='word_1_181' title='bbox 528 2592 636 2670; x_wconf 88' lang='lat' dir='ltr'>uariis,</span> <span class='ocrx_word' id='word_1_182' title='bbox 663 2590 738 2674; x_wconf 87' lang='lat' dir='ltr'>ipsis</span> <span class='ocrx_word' id='word_1_183' title='bbox 753 2594 859 2657; x_wconf 91' lang='lat' dir='ltr'>tamen</span> <span class='ocrx_word' id='word_1_184' title='bbox 873 2593 963 2657; x_wconf 89' lang='lat' dir='ltr'>rebus</span> <span class='ocrx_word' id='word_1_185' title='bbox 978 2593 1011 2656; x_wconf 96' lang='lat' dir='ltr'>in</span> <span class='ocrx_word' id='word_1_186' title='bbox 1025 2593 1104 2656; x_wconf 90' lang='lat' dir='ltr'>hunc</span> <span class='ocrx_word' id='word_1_187' title='bbox 1118 2611 1213 2656; x_wconf 90' lang='lat' dir='ltr'>unam</span> <span class='ocrx_word' id='word_1_188' title='bbox 1308 2655 1311 2659; x_wconf 90' lang='grc'><strong>,</strong></span> 
     </span>
     <span class='ocr_line' id='line_1_23' title="bbox 88 2694 1243 2778; baseline 0.001 -16"><span class='ocrx_word' id='word_1_189' title='bbox 88 2698 167 2762; x_wconf 89' lang='lat' dir='ltr'>coire</span> <span class='ocrx_word' id='word_1_190' title='bbox 179 2698 211 2761; x_wconf 93' lang='lat' dir='ltr'>et</span> <span class='ocrx_word' id='word_1_191' title='bbox 222 2695 393 2778; x_wconf 89' lang='lat' dir='ltr'>conspirare</span> <span class='ocrx_word' id='word_1_192' title='bbox 405 2696 597 2760; x_wconf 88' lang='lat' dir='ltr'>sententiam.</span> <span class='ocrx_word' id='word_1_193' title='bbox 611 2694 721 2759; x_wconf 88' lang='lat' dir='ltr'>omitto</span> <span class='ocrx_word' id='word_1_194' title='bbox 732 2696 803 2759; x_wconf 89' lang='lat' dir='ltr'>illos</span> <span class='ocrx_word' id='word_1_195' title='bbox 814 2696 905 2760; x_wconf 90' lang='lat' dir='ltr'>rudes</span> <span class='ocrx_word' id='word_1_196' title='bbox 921 2696 951 2759; x_wconf 90' lang='lat' dir='ltr'>et</span> <span class='ocrx_word' id='word_1_197' title='bbox 966 2697 1094 2774; x_wconf 83' lang='lat' dir='ltr'>ueteres,</span> <span class='ocrx_word' id='word_1_198' title='bbox 1111 2694 1164 2776; x_wconf 97' lang='grc'>661</span> <span class='ocrx_word' id='word_1_199' title='bbox 1175 2695 1243 2763; x_wconf 77' lang='lat' dir='ltr'>ded</span> 
     </span>
     <span class='ocr_line' id='line_1_24' title="bbox 87 2797 1213 2882; baseline -0.003 -18"><span class='ocrx_word' id='word_1_200' title='bbox 87 2802 150 2865; x_wconf 90' lang='lat' dir='ltr'>suis</span> <span class='ocrx_word' id='word_1_201' title='bbox 165 2800 259 2865; x_wconf 88' lang='lat' dir='ltr'>dictis</span> <span class='ocrx_word' id='word_1_202' title='bbox 275 2799 426 2882; x_wconf 88' lang='lat' dir='ltr'>sapientes</span> <span class='ocrx_word' id='word_1_203' title='bbox 442 2817 506 2863; x_wconf 89' lang='grc'><strong>6666</strong></span> <span class='ocrx_word' id='word_1_204' title='bbox 521 2799 709 2863; x_wconf 86' lang='lat' dir='ltr'>meruerunt.</span> <span class='ocrx_word' id='word_1_205' title='bbox 736 2798 906 2863; x_wconf 72' lang='grc'><strong>6111166166</strong></span> <span class='ocrx_word' id='word_1_206' title='bbox 920 2798 1058 2863; x_wconf 89' lang='lat' dir='ltr'>Milesius</span> <span class='ocrx_word' id='word_1_207' title='bbox 1073 2797 1213 2879; x_wconf 88' lang='lat' dir='ltr'>omnium</span> 
     </span>
     <span class='ocr_line' id='line_1_25' title="bbox 86 2900 1214 2986; baseline -0.002 -19"><span class='ocrx_word' id='word_1_208' title='bbox 86 2904 216 2986; x_wconf 85' lang='lat' dir='ltr'>primus,</span> <span class='ocrx_word' id='word_1_209' title='bbox 229 2902 283 2983; x_wconf 93' lang='lat' dir='ltr'>qui</span> <span class='ocrx_word' id='word_1_210' title='bbox 294 2902 411 2984; x_wconf 87' lang='lat' dir='ltr'>primus</span> <span class='ocrx_word' id='word_1_211' title='bbox 423 2900 560 2966; x_wconf 92' lang='lat' dir='ltr'>omnium</span> <span class='ocrx_word' id='word_1_212' title='bbox 570 2901 607 2965; x_wconf 91' lang='lat' dir='ltr'>de</span> <span class='ocrx_word' id='word_1_213' title='bbox 619 2900 801 2966; x_wconf 86' lang='lat' dir='ltr'>caelestibus</span> <span class='ocrx_word' id='word_1_214' title='bbox 810 2902 991 2983; x_wconf 88' lang='lat' dir='ltr'>disputauit.</span> <span class='ocrx_word' id='word_1_215' title='bbox 1003 2901 1031 2965; x_wconf 89' lang='lat' dir='ltr'>is</span> <span class='ocrx_word' id='word_1_216' title='bbox 1042 2901 1214 2967; x_wconf 83' lang='grc' dir='ltr'><strong>661666Μί-</strong></span> 
     </span>
    </p>
   </div>
   <div class='ocr_carea' id='block_1_3' title="bbox 85 3122 1211 3278">
    <p class='ocr_par' dir='ltr' id='par_1_7' title="bbox 85 3122 1211 3278">
     <span class='ocr_line' id='line_1_26' title="bbox 192 3122 1211 3191; baseline -0.002 -12"><span class='ocrx_word' id='word_1_217' title='bbox 192 3124 228 3180; x_wconf 92' lang='grc'>11</span> <span class='ocrx_word' id='word_1_218' title='bbox 242 3122 383 3177; x_wconf 86' lang='lat' dir='ltr'>seeundum</span> <span class='ocrx_word' id='word_1_219' title='bbox 394 3122 458 3177; x_wconf 85' lang='lat' dir='ltr'>Aen.</span> <span class='ocrx_word' id='word_1_220' title='bbox 471 3122 517 3186; x_wconf 92' lang='lat' dir='ltr'>Vl,</span> <span class='ocrx_word' id='word_1_221' title='bbox 532 3122 658 3190; x_wconf 86' lang='grc'><strong>724666.</strong></span> <span class='ocrx_word' id='word_1_222' title='bbox 705 3122 739 3179; x_wconf 89' lang='lat'>16</span> <span class='ocrx_word' id='word_1_223' title='bbox 752 3122 847 3191; x_wconf 85' lang='lat' dir='ltr'>Georg.</span> <span class='ocrx_word' id='word_1_224' title='bbox 857 3122 923 3188; x_wconf 87' lang='lat'>1111,</span> <span class='ocrx_word' id='word_1_225' title='bbox 937 3123 993 3179; x_wconf 92' lang='grc'>221</span> <span class='ocrx_word' id='word_1_226' title='bbox 1008 3139 1047 3191; x_wconf 85' lang='grc'>66.</span> <span class='ocrx_word' id='word_1_227' title='bbox 1096 3122 1211 3180; x_wconf 78' lang='grc'><strong>181166.</strong></span> 
     </span>
     <span class='ocr_line' id='line_1_27' title="bbox 85 3208 849 3278; baseline 0.003 -17"><span class='ocrx_word' id='word_1_228' title='bbox 85 3208 107 3273; x_wconf 91' lang='grc' dir='ltr'>Ι,</span> <span class='ocrx_word' id='word_1_229' title='bbox 122 3208 186 3267; x_wconf 84' lang='grc'><strong>743.</strong></span> <span class='ocrx_word' id='word_1_230' title='bbox 241 3209 280 3265; x_wconf 89' lang='grc'>20</span> <span class='ocrx_word' id='word_1_231' title='bbox 297 3224 353 3276; x_wconf 85' lang='lat' dir='ltr'>sqq.</span> <span class='ocrx_word' id='word_1_232' title='bbox 368 3224 398 3261; x_wconf 81' lang='lat' dir='ltr'>ex</span> <span class='ocrx_word' id='word_1_233' title='bbox 410 3208 462 3263; x_wconf 80' lang='lat' dir='ltr'>Cic.</span> <span class='ocrx_word' id='word_1_234' title='bbox 476 3208 508 3261; x_wconf 89' lang='lat' dir='ltr'>de</span> <span class='ocrx_word' id='word_1_235' title='bbox 520 3208 588 3262; x_wconf 90' lang='lat' dir='ltr'>deor.</span> <span class='ocrx_word' id='word_1_236' title='bbox 602 3210 657 3261; x_wconf 89' lang='lat' dir='ltr'>nat.</span> <span class='ocrx_word' id='word_1_237' title='bbox 671 3208 692 3273; x_wconf 87' lang='grc' dir='ltr'>Ι,</span> <span class='ocrx_word' id='word_1_238' title='bbox 706 3224 726 3262; x_wconf 86' lang='lat' dir='ltr'>o.</span> <span class='ocrx_word' id='word_1_239' title='bbox 742 3208 781 3264; x_wconf 89' lang='lat'>10</span> <span class='ocrx_word' id='word_1_240' title='bbox 792 3225 849 3278; x_wconf 90' lang='lat' dir='ltr'>sqq.</span> 
     </span>
    </p>
   </div>
   <div class='ocr_carea' id='block_1_4' title="bbox 84 3396 1213 4396">
    <p class='ocr_par' dir='ltr' id='par_1_8' title="bbox 84 3396 1213 4396">
     <span class='ocr_line' id='line_1_28' title="bbox 138 3396 1211 3467; baseline -0.002 -15"><span class='ocrx_word' id='word_1_241' title='bbox 138 3397 156 3453; x_wconf 89' lang='lat'><strong>3</strong></span> <span class='ocrx_word' id='word_1_242' title='bbox 174 3397 207 3450; x_wconf 91' lang='grc'>16</span> <span class='ocrx_word' id='word_1_243' title='bbox 219 3396 292 3449; x_wconf 90' lang='lat' dir='ltr'>histo</span> <span class='ocrx_word' id='word_1_244' title='bbox 306 3397 334 3449; x_wconf 91' lang='lat' dir='ltr'><em>P</em></span> <span class='ocrx_word' id='word_1_245' title='bbox 344 3402 409 3449; x_wconf 81' lang='grc'><strong>66616</strong></span> <span class='ocrx_word' id='word_1_246' title='bbox 422 3413 549 3451; x_wconf 82' lang='lat' dir='ltr'>rusorum</span> <span class='ocrx_word' id='word_1_247' title='bbox 571 3399 583 3465; x_wconf 79' lang='grc' dir='ltr'>Η</span> <span class='ocrx_word' id='word_1_248' title='bbox 609 3397 671 3450; x_wconf 89' lang='lat' dir='ltr'>audi</span> <span class='ocrx_word' id='word_1_249' title='bbox 689 3397 794 3465; x_wconf 82' lang='lat' dir='ltr'>Voack,</span> <span class='ocrx_word' id='word_1_250' title='bbox 813 3404 843 3452; x_wconf 80' lang='grc'>661</span> <span class='ocrx_word' id='word_1_251' title='bbox 854 3399 890 3465; x_wconf 84' lang='lat' dir='ltr'>cf.</span> <span class='ocrx_word' id='word_1_252' title='bbox 907 3399 988 3467; x_wconf 77' lang='lat' dir='ltr'>Gypr.</span> <span class='ocrx_word' id='word_1_253' title='bbox 1002 3398 1036 3451; x_wconf 84' lang='lat' dir='ltr'>dc</span> <span class='ocrx_word' id='word_1_254' title='bbox 1047 3397 1084 3451; x_wconf 78' lang='lat' dir='ltr'>id.</span> <span class='ocrx_word' id='word_1_255' title='bbox 1098 3414 1164 3451; x_wconf 81' lang='grc'><strong>66666.</strong></span> <span class='ocrx_word' id='word_1_256' title='bbox 1178 3401 1211 3451; x_wconf 88' lang='lat'>9:</span> 
     </span>
     <span class='ocr_line' id='line_1_29' title="bbox 86 3480 1213 3550; baseline 0.003 -15"><span class='ocrx_word' id='word_1_257' title='bbox 86 3482 140 3535; x_wconf 89' lang='lat' dir='ltr'>dici</span> <span class='ocrx_word' id='word_1_258' title='bbox 149 3483 302 3550; x_wconf 84' lang='lat' dir='ltr'>frequenter</span> <span class='ocrx_word' id='word_1_259' title='bbox 312 3480 444 3536; x_wconf 87' lang='lat' dir='ltr'>audimus:</span> <span class='ocrx_word' id='word_1_260' title='bbox 462 3482 564 3536; x_wconf 88' lang='lat' dir='ltr'>odeus!</span> <span class='ocrx_word' id='word_1_261' title='bbox 583 3485 611 3536; x_wconf 85' lang='lat' dir='ltr'>et</span> <span class='ocrx_word' id='word_1_262' title='bbox 621 3483 685 3537; x_wconf 89' lang='lat' dir='ltr'>deus</span> <span class='ocrx_word' id='word_1_263' title='bbox 695 3482 770 3537; x_wconf 91' lang='lat' dir='ltr'>uidet</span> <span class='ocrx_word' id='word_1_264' title='bbox 780 3490 826 3537; x_wconf 91' lang='grc'><strong>616.</strong></span> <span class='ocrx_word' id='word_1_265' title='bbox 881 3485 900 3543; x_wconf 87' lang='lat'>5</span> <span class='ocrx_word' id='word_1_266' title='bbox 912 3484 956 3537; x_wconf 83' lang='lat' dir='ltr'>dm</span> <span class='ocrx_word' id='word_1_267' title='bbox 968 3500 1046 3537; x_wconf 88' lang='lat' dir='ltr'>uerus</span> <span class='ocrx_word' id='word_1_268' title='bbox 1059 3484 1087 3537; x_wconf 92' lang='lat' dir='ltr'><strong><em>P</em></strong></span> <span class='ocrx_word' id='word_1_269' title='bbox 1098 3499 1166 3537; x_wconf 86' lang='lat' dir='ltr'>corr.</span> <span class='ocrx_word' id='word_1_270' title='bbox 1179 3484 1213 3538; x_wconf 79' lang='lat' dir='ltr'>ia</span> 
     </span>
     <span class='ocr_line' id='line_1_30' title="bbox 86 3555 1212 3638; baseline 0 -17"><span class='ocrx_word' id='word_1_271' title='bbox 86 3556 135 3621; x_wconf 76' lang='lat' dir='ltr'>dns</span> <span class='ocrx_word' id='word_1_272' title='bbox 146 3585 227 3621; x_wconf 88' lang='lat' dir='ltr'>uerus</span> <span class='ocrx_word' id='word_1_273' title='bbox 240 3568 302 3637; x_wconf 83' lang='lat' dir='ltr'>(pro</span> <span class='ocrx_word' id='word_1_274' title='bbox 316 3555 346 3622; x_wconf 67' lang='lat' dir='ltr'>ds</span> <span class='ocrx_word' id='word_1_275' title='bbox 359 3569 448 3638; x_wconf 80' lang='lat' dir='ltr'>uerus)</span> <span class='ocrx_word' id='word_1_276' title='bbox 499 3568 518 3624; x_wconf 90' lang='lat'>8</span> <span class='ocrx_word' id='word_1_277' title='bbox 530 3568 593 3623; x_wconf 89' lang='lat' dir='ltr'>audi</span> <span class='ocrx_word' id='word_1_278' title='bbox 606 3570 724 3623; x_wconf 75' lang='lat' dir='ltr'>Vrsinus</span> <span class='ocrx_word' id='word_1_279' title='bbox 785 3570 823 3625; x_wconf 89' lang='lat'>10</span> <span class='ocrx_word' id='word_1_280' title='bbox 834 3569 905 3623; x_wconf 91' lang='lat' dir='ltr'>diem</span> <span class='ocrx_word' id='word_1_281' title='bbox 917 3569 1051 3623; x_wconf 83' lang='lat' dir='ltr'>induxerit</span> <span class='ocrx_word' id='word_1_282' title='bbox 1062 3569 1212 3623; x_wconf 67' lang='lat' dir='ltr'>Daumius:</span> 
     </span>
     <span class='ocr_line' id='line_1_31' title="bbox 86 3654 1211 3729; baseline 0 -22"><span class='ocrx_word' id='word_1_283' title='bbox 86 3654 156 3707; x_wconf 90' lang='lat' dir='ltr'>diem</span> <span class='ocrx_word' id='word_1_284' title='bbox 178 3654 285 3729; x_wconf 80' lang='lat' dir='ltr'>duxerit</span> <span class='ocrx_word' id='word_1_285' title='bbox 306 3655 343 3718; x_wconf 93' lang='lat' dir='ltr'>P,</span> <span class='ocrx_word' id='word_1_286' title='bbox 363 3654 426 3707; x_wconf 89' lang='grc'><strong>1666</strong></span> <span class='ocrx_word' id='word_1_287' title='bbox 448 3654 609 3708; x_wconf 82' lang='lat' dir='ltr'>induxeritr</span> <span class='ocrx_word' id='word_1_288' title='bbox 679 3656 714 3710; x_wconf 93' lang='grc'>11</span> <span class='ocrx_word' id='word_1_289' title='bbox 731 3655 841 3709; x_wconf 80' lang='lat' dir='ltr'>uerius?</span> <span class='ocrx_word' id='word_1_290' title='bbox 859 3655 994 3723; x_wconf 89' lang='lat' dir='ltr'>Principio</span> <span class='ocrx_word' id='word_1_291' title='bbox 1007 3655 1066 3708; x_wconf 85' lang='grc'><strong>66161.</strong></span> <span class='ocrx_word' id='word_1_292' title='bbox 1091 3655 1103 3722; x_wconf 79' lang='grc' dir='ltr'>ΙΙ</span> <span class='ocrx_word' id='word_1_293' title='bbox 1126 3670 1156 3707; x_wconf 85' lang='lat' dir='ltr'>sc</span> <span class='ocrx_word' id='word_1_294' title='bbox 1169 3654 1211 3707; x_wconf 85' lang='lat' dir='ltr'>P:</span> 
     </span>
     <span class='ocr_line' id='line_1_32' title="bbox 86 3738 1213 3809; baseline 0.001 -18"><span class='ocrx_word' id='word_1_295' title='bbox 86 3742 140 3793; x_wconf 83' lang='grc'>616</span> <span class='ocrx_word' id='word_1_296' title='bbox 195 3740 232 3796; x_wconf 85' lang='lat'>13</span> <span class='ocrx_word' id='word_1_297' title='bbox 251 3738 470 3809; x_wconf 78' lang='grc'><strong>66166611611166</strong></span> <span class='ocrx_word' id='word_1_298' title='bbox 482 3740 562 3793; x_wconf 80' lang='lat' dir='ltr'>anim.</span> <span class='ocrx_word' id='word_1_299' title='bbox 576 3740 668 3795; x_wconf 80' lang='lat' dir='ltr'>Vorrclo</span> <span class='ocrx_word' id='word_1_300' title='bbox 681 3740 755 3808; x_wconf 80' lang='lat' dir='ltr'>Spec.</span> <span class='ocrx_word' id='word_1_301' title='bbox 769 3745 823 3794; x_wconf 79' lang='lat'>140</span> <span class='ocrx_word' id='word_1_302' title='bbox 877 3741 913 3800; x_wconf 88' lang='lat'>15</span> <span class='ocrx_word' id='word_1_303' title='bbox 931 3741 1013 3794; x_wconf 85' lang='lat' dir='ltr'>uerba</span> <span class='ocrx_word' id='word_1_304' title='bbox 1025 3741 1143 3794; x_wconf 78' lang='lat' dir='ltr'>Vrsinus</span> <span class='ocrx_word' id='word_1_305' title='bbox 1154 3739 1213 3808; x_wconf 85' lang='lat' dir='ltr'>(sed</span> 
     </span>
     <span class='ocr_line' id='line_1_33' title="bbox 84 3825 1213 3895; baseline 0 -17"><span class='ocrx_word' id='word_1_306' title='bbox 84 3825 129 3879; x_wconf 79' lang='grc'><strong>1616</strong></span> <span class='ocrx_word' id='word_1_307' title='bbox 140 3826 202 3879; x_wconf 79' lang='lat' dir='ltr'>siae</span> <span class='ocrx_word' id='word_1_308' title='bbox 212 3842 296 3880; x_wconf 84' lang='lat' dir='ltr'>corsa</span> <span class='ocrx_word' id='word_1_309' title='bbox 309 3826 365 3879; x_wconf 90' lang='lat' dir='ltr'>eius</span> <span class='ocrx_word' id='word_1_310' title='bbox 377 3826 482 3895; x_wconf 74' lang='lat' dir='ltr'>uerbal:</span> <span class='ocrx_word' id='word_1_311' title='bbox 500 3842 563 3879; x_wconf 88' lang='lat' dir='ltr'>uera</span> <span class='ocrx_word' id='word_1_312' title='bbox 575 3827 617 3880; x_wconf 91' lang='lat' dir='ltr'>Pr</span> <span class='ocrx_word' id='word_1_313' title='bbox 671 3826 708 3883; x_wconf 85' lang='grc'>18</span> <span class='ocrx_word' id='word_1_314' title='bbox 726 3826 794 3881; x_wconf 89' lang='lat' dir='ltr'>unde</span> <span class='ocrx_word' id='word_1_315' title='bbox 806 3827 943 3881; x_wconf 90' lang='lat' dir='ltr'>hominum</span> <span class='ocrx_word' id='word_1_316' title='bbox 959 3843 1043 3895; x_wconf 85' lang='lat' dir='ltr'>genus</span> <span class='ocrx_word' id='word_1_317' title='bbox 1061 3828 1089 3879; x_wconf 85' lang='grc'>61</span> <span class='ocrx_word' id='word_1_318' title='bbox 1100 3825 1213 3894; x_wconf 86' lang='lat' dir='ltr'>pecudes</span> 
     </span>
     <span class='ocr_line' id='line_1_34' title="bbox 88 3911 1211 3983; baseline 0.001 -19"><span class='ocrx_word' id='word_1_319' title='bbox 88 3911 228 3981; x_wconf 76' lang='lat' dir='ltr'>Verpalius</span> <span class='ocrx_word' id='word_1_320' title='bbox 240 3912 309 3965; x_wconf 80' lang='lat' dir='ltr'>Acro.</span> <span class='ocrx_word' id='word_1_321' title='bbox 323 3916 348 3979; x_wconf 88' lang='lat'>1,</span> <span class='ocrx_word' id='word_1_322' title='bbox 362 3916 430 3979; x_wconf 79' lang='lat'><em>743‚·</em></span> <span class='ocrx_word' id='word_1_323' title='bbox 444 3912 475 3967; x_wconf 79' lang='lat' dir='ltr'>iro</span> <span class='ocrx_word' id='word_1_324' title='bbox 487 3912 586 3981; x_wconf 76' lang='lat' dir='ltr'>‘Georq¹</span> <span class='ocrx_word' id='word_1_325' title='bbox 602 3917 627 3980; x_wconf 79' lang='lat'>4,</span> <span class='ocrx_word' id='word_1_326' title='bbox 641 3916 699 3967; x_wconf 79' lang='lat'>223</span> <span class='ocrx_word' id='word_1_327' title='bbox 710 3915 866 3983; x_wconf 74' lang='grc'><strong>6166166661.-</strong></span> <span class='ocrx_word' id='word_1_328' title='bbox 879 3913 942 3967; x_wconf 90' lang='lat' dir='ltr'>hinc</span> <span class='ocrx_word' id='word_1_329' title='bbox 953 3912 1072 3981; x_wconf 89' lang='lat' dir='ltr'>pecudes,</span> <span class='ocrx_word' id='word_1_330' title='bbox 1082 3912 1211 3976; x_wconf 84' lang='lat' dir='ltr'>armenta,</span> 
     </span>
     <span class='ocr_line' id='line_1_35' title="bbox 84 3996 1213 4067; baseline 0.002 -18"><span class='ocrx_word' id='word_1_331' title='bbox 84 3997 165 4062; x_wconf 87' lang='lat' dir='ltr'>uiros,</span> <span class='ocrx_word' id='word_1_332' title='bbox 191 4013 274 4066; x_wconf 87' lang='lat' dir='ltr'>genus</span> <span class='ocrx_word' id='word_1_333' title='bbox 286 4013 362 4051; x_wconf 91' lang='lat' dir='ltr'>omne</span> <span class='ocrx_word' id='word_1_334' title='bbox 371 3997 487 4051; x_wconf 81' lang='lat' dir='ltr'>ferarum</span> <span class='ocrx_word' id='word_1_335' title='bbox 500 4003 545 4051; x_wconf 89' lang='grc'><strong>616.</strong></span> <span class='ocrx_word' id='word_1_336' title='bbox 614 3997 649 4054; x_wconf 89' lang='grc'>19</span> <span class='ocrx_word' id='word_1_337' title='bbox 663 3998 736 4051; x_wconf 89' lang='lat' dir='ltr'>aliud</span> <span class='ocrx_word' id='word_1_338' title='bbox 751 4001 780 4051; x_wconf 89' lang='lat' dir='ltr'>et</span> <span class='ocrx_word' id='word_1_339' title='bbox 794 3999 833 4052; x_wconf 89' lang='lat' dir='ltr'>P:</span> <span class='ocrx_word' id='word_1_340' title='bbox 852 3998 926 4051; x_wconf 91' lang='lat' dir='ltr'>aliud</span> <span class='ocrx_word' id='word_1_341' title='bbox 946 4015 962 4051; x_wconf 92' lang='lat' dir='ltr'>r</span> <span class='ocrx_word' id='word_1_342' title='bbox 984 4000 996 4067; x_wconf 82' lang='grc' dir='ltr'>ΙΙ</span> <span class='ocrx_word' id='word_1_343' title='bbox 1019 3998 1044 4066; x_wconf 88' lang='lat' dir='ltr'>a]</span> <span class='ocrx_word' id='word_1_344' title='bbox 1062 3996 1096 4050; x_wconf 83' lang='lat' dir='ltr'>sd</span> <span class='ocrx_word' id='word_1_345' title='bbox 1108 3999 1135 4053; x_wconf 90' lang='lat' dir='ltr'><strong><em>P</em></strong></span> <span class='ocrx_word' id='word_1_346' title='bbox 1146 4001 1213 4051; x_wconf 83' lang='grc'><strong>666616</strong></span> 
     </span>
     <span class='ocr_line' id='line_1_36' title="bbox 84 4082 1213 4152; baseline -0.001 -17"><span class='ocrx_word' id='word_1_347' title='bbox 84 4098 216 4137; x_wconf 70' lang='lat' dir='ltr'>rasuram</span> <span class='ocrx_word' id='word_1_348' title='bbox 285 4083 325 4139; x_wconf 90' lang='grc'>20</span> <span class='ocrx_word' id='word_1_349' title='bbox 336 4084 491 4152; x_wconf 87' lang='lat' dir='ltr'>disciplinas</span> <span class='ocrx_word' id='word_1_350' title='bbox 508 4085 660 4139; x_wconf 74' lang='lat' dir='ltr'>Heumann</span> <span class='ocrx_word' id='word_1_351' title='bbox 718 4085 755 4141; x_wconf 94' lang='grc'>21</span> <span class='ocrx_word' id='word_1_352' title='bbox 775 4084 863 4138; x_wconf 81' lang='lat' dir='ltr'>uarios</span> <span class='ocrx_word' id='word_1_353' title='bbox 874 4085 967 4138; x_wconf 79' lang='lat' dir='ltr'>malim</span> <span class='ocrx_word' id='word_1_354' title='bbox 1024 4083 1062 4140; x_wconf 92' lang='grc'>23</span> <span class='ocrx_word' id='word_1_355' title='bbox 1084 4082 1113 4136; x_wconf 84' lang='lat' dir='ltr'>Si</span> <span class='ocrx_word' id='word_1_356' title='bbox 1142 4082 1213 4135; x_wconf 88' lang='lat' dir='ltr'>Tha·</span> 
     </span>
     <span class='ocr_line' id='line_1_37' title="bbox 84 4169 1211 4239; baseline 0.001 -17"><span class='ocrx_word' id='word_1_357' title='bbox 84 4170 125 4222; x_wconf 88' lang='lat' dir='ltr'>les</span> <span class='ocrx_word' id='word_1_358' title='bbox 145 4187 162 4223; x_wconf 88' lang='lat' dir='ltr'>r</span> <span class='ocrx_word' id='word_1_359' title='bbox 213 4170 251 4226; x_wconf 89' lang='grc'>24</span> <span class='ocrx_word' id='word_1_360' title='bbox 268 4170 370 4239; x_wconf 85' lang='lat' dir='ltr'>primus</span> <span class='ocrx_word' id='word_1_361' title='bbox 388 4171 505 4224; x_wconf 89' lang='lat' dir='ltr'>omnium</span> <span class='ocrx_word' id='word_1_362' title='bbox 517 4172 588 4225; x_wconf 85' lang='lat' dir='ltr'>obelo</span> <span class='ocrx_word' id='word_1_363' title='bbox 609 4172 719 4225; x_wconf 78' lang='grc'><strong>6661616611</strong></span> <span class='ocrx_word' id='word_1_364' title='bbox 740 4188 835 4226; x_wconf 81' lang='lat' dir='ltr'>censor</span> <span class='ocrx_word' id='word_1_365' title='bbox 852 4171 884 4226; x_wconf 79' lang='lat' dir='ltr'>ire</span> <span class='ocrx_word' id='word_1_366' title='bbox 896 4172 962 4237; x_wconf 82' lang='lat' dir='ltr'><em>Z.f.</em></span> <span class='ocrx_word' id='word_1_367' title='bbox 982 4171 1084 4225; x_wconf 85' lang='lat' dir='ltr'>Pba&#39;los.</span> <span class='ocrx_word' id='word_1_368' title='bbox 1098 4187 1125 4223; x_wconf 82' lang='grc'>66.</span> <span class='ocrx_word' id='word_1_369' title='bbox 1138 4169 1211 4224; x_wconf 78' lang='lat' dir='ltr'>ratu.</span> 
     </span>
     <span class='ocr_line' id='line_1_38' title="bbox 88 4252 1212 4324; baseline 0.001 -17"><span class='ocrx_word' id='word_1_370' title='bbox 88 4254 178 4308; x_wconf 79' lang='lat' dir='ltr'>Theol.</span> <span class='ocrx_word' id='word_1_371' title='bbox 192 4258 235 4318; x_wconf 81' lang='grc'>18,</span> <span class='ocrx_word' id='word_1_372' title='bbox 248 4258 302 4309; x_wconf 82' lang='grc'>170</span> <span class='ocrx_word' id='word_1_373' title='bbox 324 4256 336 4323; x_wconf 75' lang='grc' dir='ltr'>ΙΙ</span> <span class='ocrx_word' id='word_1_374' title='bbox 359 4252 509 4323; x_wconf 75' lang='lat' dir='ltr'>disputabit</span> <span class='ocrx_word' id='word_1_375' title='bbox 521 4257 560 4309; x_wconf 86' lang='lat' dir='ltr'>Pl</span> <span class='ocrx_word' id='word_1_376' title='bbox 582 4258 594 4324; x_wconf 82' lang='grc' dir='ltr'>ΙΙ</span> <span class='ocrx_word' id='word_1_377' title='bbox 616 4256 641 4309; x_wconf 89' lang='grc'>16</span> <span class='ocrx_word' id='word_1_378' title='bbox 653 4257 743 4309; x_wconf 90' lang='lat' dir='ltr'>autem</span> <span class='ocrx_word' id='word_1_379' title='bbox 759 4257 878 4311; x_wconf 69' lang='grc' dir='ltr'>1761161666.Ι</span> <span class='ocrx_word' id='word_1_380' title='bbox 898 4256 983 4309; x_wconf 88' lang='lat' dir='ltr'>isdem</span> <span class='ocrx_word' id='word_1_381' title='bbox 995 4257 1034 4320; x_wconf 88' lang='lat' dir='ltr'>P,</span> <span class='ocrx_word' id='word_1_382' title='bbox 1052 4254 1123 4308; x_wconf 91' lang='lat' dir='ltr'>idem</span> <span class='ocrx_word' id='word_1_383' title='bbox 1140 4271 1169 4318; x_wconf 79' lang='lat' dir='ltr'>r3</span> <span class='ocrx_word' id='word_1_384' title='bbox 1186 4254 1212 4309; x_wconf 93' lang='lat' dir='ltr'>is</span> 
     </span>
     <span class='ocr_line' id='line_1_39' title="bbox 84 4340 817 4396; baseline 0.007 -6"><span class='ocrx_word' id='word_1_385' title='bbox 84 4354 174 4393; x_wconf 86' lang='lat' dir='ltr'>rernm</span> <span class='ocrx_word' id='word_1_386' title='bbox 192 4340 368 4395; x_wconf 78' lang='lat' dir='ltr'>Elmeohorst</span> <span class='ocrx_word' id='word_1_387' title='bbox 386 4340 480 4395; x_wconf 80' lang='grc'><strong>61616116</strong></span> <span class='ocrx_word' id='word_1_388' title='bbox 491 4342 583 4396; x_wconf 83' lang='lat' dir='ltr'>uerbis</span> <span class='ocrx_word' id='word_1_389' title='bbox 596 4341 716 4396; x_wconf 87' lang='lat' dir='ltr'>milesius</span> <span class='ocrx_word' id='word_1_390' title='bbox 729 4342 817 4395; x_wconf 83' lang='lat' dir='ltr'>thalos</span> 
     </span>
    </p>
   </div>
   <div class='ocr_carea' id='block_1_5' title="bbox 0 0 1530 4984">
    <p class='ocr_par' dir='ltr' id='par_1_9' title="bbox 0 0 1530 4984">
     <span class='ocr_line' id='line_1_40' title="bbox 0 0 1530 4984; baseline 0 3"><span class='ocrx_word' id='word_1_391' title='bbox 0 0 1530 4984; x_wconf 95' lang='lat' dir='ltr'> </span> 
     </span>
    </p>
   </div>
  </div>
 </body>
</html>
