3050 4984
1182 306 1221 352 XI

87 439 278 540 probabile
304 441 460 512 uidetur.
499 439 605 530 Quod
635 450 754 514 autem
788 441 825 514 in
849 441 957 516 rebus
980 467 1067 541 quas
1092 453 1222 516 uocant

88 561 385 660 orthographicis
422 572 581 634 ueterem
617 560 797 634 scribendi
831 561 1028 652 rationem,
1061 587 1151 660 quae
1183 561 1220 634 in

88 682 212 756 codice
251 680 457 754 Veronensi
493 690 528 754 et
562 680 775 781 plerumque
809 681 916 755 etiam
939 682 976 756 in
998 681 1221 780 Frisingeusi

88 813 301 876 const-anter
337 813 478 874 seruata
513 811 588 892 est,
628 800 758 900 ubique
791 804 1051 876 restituendam
1085 801 1220 901 putaui,

89 923 155 996 hoc
180 921 321 995 multos
343 922 421 994 fore
445 921 506 1020 qui
536 921 743 1020 uituperent
766 924 957 1021 prouideo:
995 923 1058 995 sed
1087 947 1220 1019 quaero

88 1042 263 1133 existis,
300 1068 386 1114 num
424 1041 527 1115 nobis
563 1040 667 1115 liceat
701 1042 739 1114 in
774 1042 831 1116 his
866 1042 974 1116 rebus
1006 1068 1025 1114 a
1059 1053 1221 1116 ueterum
1267 1093 1271 1102 -

89 1163 343 1262 exemplorum
384 1161 455 1235 fide
486 1161 663 1236 declinare
705 1172 741 1234 ct
785 1188 862 1236 eam
898 1160 1079 1236 scribendi
1113 1163 1222 1235 ratio-

89 1310 191 1372 nem,
224 1307 320 1380 quae
353 1281 474 1354 multis
507 1282 662 1380 denique
691 1294 776 1380 post
811 1282 961 1356 saeculis
997 1281 1034 1356 in
1073 1307 1224 1356 consue-

89 1403 256 1475 tudinem
290 1403 408 1493 uenit,
449 1428 496 1474 ex
532 1413 658 1476 nostro
693 1401 842 1475 arbitrio
879 1402 1108 1477 substituere.
1141 1428 1223 1475 nam

90 1524 116 1596 si
145 1524 221 1596 hoc
255 1522 463 1595 criticorum
487 1549 619 1596 munus
643 1533 697 1596 est
720 1521 852 1595 librum
874 1535 1034 1595 ueterem
1063 1549 1135 1594 non
1178 1523 1222 1593 ad

90 1654 297 1718 commenta
336 1645 577 1716 recentiorum
625 1652 686 1714 aut
728 1643 773 1714 ad
823 1641 993 1716 lectiones
1035 1640 1224 1716 cuiuslibet

17 1807 18 1812 =
95 1762 256 1862 exempli
286 1761 386 1861 typis
422 1761 602 1862 expressi,
654 1762 717 1836 sed
754 1763 800 1834 ad
837 1761 1033 1862 scripturas
1065 1763 1102 1835 in
1133 1761 1223 1835 anti-

17 1929 18 1942 1
91 1882 278 1982 quissimis
309 1880 411 1955 libris
443 1909 551 1955 manu
580 1880 724 1981 scriptis
754 1908 942 1982 expressas
966 1884 1146 1982 redigere,
1178 1907 1224 1956 ne

89 2003 124 2075 in
156 2002 270 2076 rebus
309 2003 456 2100 quidem
488 2002 745 2076 minutioribus
784 2015 881 2078 recte
923 2002 1056 2077 tradita
1086 2001 1224 2076 abicere

91 2123 223 2197 licebit.

151 2366 282 2440 Restat
307 2374 347 2436 ut
370 2363 414 2435 de
437 2363 690 2462 appendice
713 2373 889 2461 septem
913 2363 1215 2462 epistolarum

96 2513 183 2584 quas
219 2485 287 2557 do.
325 2482 533 2557 Clericus
570 2485 709 2582 primus
741 2483 923 2580 opusculis
959 2483 1083 2556 Seueri
1122 2482 1225 2582 prius

95 2606 191 2679 uotis
215 2605 255 2677 in
285 2605 339 2676 ed.
362 2601 541 2702 Lipsiensi
564 2628 593 2674 a.
625 2605 720 2676 1709
746 2603 895 2692 adiecit,
917 2628 1031 2701 pauca
1053 2603 1241 2676 dicamus*

94 2726 222 2799 harum
257 2725 345 2796 duas
376 2723 517 2822 priores
558 2721 817 2821 Stephanus
842 2722 1055 2796 Baluzius
1078 2723 1115 2796 in
1138 2722 1224 2796 Mis-

95 2846 335 2920 cellaneorum
356 2841 474 2943 primo
499 2842 680 2915 uolumine
703 2868 731 2914 a.
759 2846 856 2916 1678
880 2869 927 2915 ex
950 2842 1073 2917 codice
1097 2842 1225 2917 Canta·

97 2964 272 3063 brigiensi
295 2963 418 3036 edidit.
440 2961 571 3061 prioris
596 2989 644 3034 ex
665 2961 722 3034 his
753 2961 915 3053 duabus,
950 2989 1041 3061 quae
1063 2964 1224 3036 nondum

95 3087 130 3158 in
156 3085 226 3157 alio
251 3083 375 3157 codice
397 3084 543 3156 inuenta
566 3107 644 3154 esse
668 3082 829 3173 uidetur,
866 3083 1112 3182 apographum
1136 3083 1225 3155 mihi

98 3205 197 3278 misit
218 3202 265 3276 H.
289 3204 333 3277 A.
356 3203 391 3278 d.
415 3203 592 3291 Munr0,
630 3201 890 3276 scientissimus
913 3202 1073 3279 Lucretii
1096 3203 1225 3294 editor,

100 3325 200 3398 cuius
225 3349 294 3422 ope
317 3322 499 3421 complura
522 3321 677 3420 exempli
700 3321 882 3396 Baluziaui
904 3323 990 3396 uitia
1008 3323 1096 3396 mihi
1115 3324 1227 3396 corri-

100 3471 183 3544 gere
203 3443 317 3518 licuit.
341 3443 408 3515 alia
431 3453 485 3515 est
508 3467 613 3515 causa
635 3443 812 3516 secundae
836 3443 1017 3542 epistolae.
1046 3445 1133 3518 haee
1154 3445 1226 3516 iam

100 3566 136 3637 in
159 3565 356 3664 appendice
380 3561 522 3636 Codicis
546 3561 787 3660 Regularum,
821 3590 927 3660 quem
958 3562 1104 3638 Lucas
1128 3563 1227 3637 Hol-

102 3685 294 3757 stenius
318 3682 446 3774 edidit,
482 3681 671 3756 Athanasii
704 3683 850 3756 nomine
886 3685 1058 3784 inscripta
1093 3685 1228 3758 Romae

102 3829 131 3876 a.
155 3805 252 3876 1661
277 3813 313 3876 et
334 3803 466 3876 iterum
482 3801 630 3876 Parisiis
654 3829 682 3874 a.
710 3805 807 3875 1663
834 3803 978 3902 uulgata
1000 3814 1094 3892 erat,
1118 3804 1228 3901 idque

24 3973 27 3984 ·
104 3949 149 3998 ex
170 3923 275 3996 libris
298 3921 585 4022 Cantabrigiensi
606 3922 714 4020 longe
736 3923 957 3998 melioribus.
989 3925 1050 3998 sed
1075 3949 1120 3997 ne
1140 3924 1235 4024 haec

106 4041 249 4140 quidem
273 4042 383 4116 editio
406 4043 521 4142 prima
544 4042 713 4142 epistolae
735 4043 869 4134 fuerat,
893 4070 974 4118 cum
997 4045 1067 4117 iam
1090 4045 1229 4117 dudum

106 4161 198 4236 inter
231 4160 445 4261 Hieronymi
477 4162 646 4263 epistolas
676 4163 772 4236 edita
802 4177 913 4255 esset,
949 4166 1058 4263 idque
1087 4163 1158 4238 iam
1189 4166 1229 4239 in
