3050 4984
521 384 638 440 chron.
657 383 693 444 11,
711 380 832 438 46-49.
1175 374 1236 439 101

100 533 300 600 arbitrantes
314 556 404 619 posse
417 538 498 604 inter
518 539 610 603 initia
628 537 747 602 malurn
761 534 940 619 comprimi:
963 533 1016 598 sod
1029 549 1140 614 parum
1153 528 1237 593 sanis

100 637 247 702 consiliis
262 642 435 707 saeculares
449 642 565 706 iudices
580 642 710 718 adeunt,
732 641 770 704 ut
790 656 895 703 eorum
917 635 1046 701 decretis
1061 636 1153 715 atque
1168 650 1236 695 exe·

98 739 287 806 cutionibus
316 743 464 809 baeretici
492 745 620 809 urbibus
648 744 843 826 pellerentur.
867 739 964 823 igitur
989 739 1058 821 post
1083 736 1183 801 multa
1205 734 1266 799 616

98 840 196 908 foeda
212 847 386 911 certamina
401 847 517 913 Ydaeio
531 848 723 929 supplicante
738 845 861 910 elicitur
882 862 899 909 a
920 841 1067 907 Gratiano
1087 842 1155 905 tum
1174 838 1236 901 im-

73 950 251 1028 eperatore
266 950 471 1032 rescriptum,
486 970 546 1032 qno
561 950 695 1015 uniuersi
710 948 857 1013 haeretiei
872 944 1013 1010 excedere
1026 962 1087 1009 non
1101 940 1237 1006 eeclesiis

96 1050 237 1114 tantum
251 1054 309 1115 aut
323 1052 466 1130 urbibus,
493 1053 546 1118 sed
566 1056 652 1118 extra
666 1071 771 1117 ornnes
786 1053 884 1116 terras
898 1047 1027 1132 propelli
1041 1044 1234 1109 iubebantur.

97 1166 163 1232 quo
178 1157 343 1235 comperto
354 1152 494 1221 Gnostici
509 1154 604 1221 diffisi
618 1156 709 1220 rebus
724 1155 803 1232 suis,
824 1173 884 1218 non
899 1151 968 1217 ausi
981 1148 1094 1214 iudicio
1109 1148 1235 1223 certare,
1248 1150 1264 1204 1

96 1258 218 1337 sponte
233 1275 366 1334 cessere,
390 1259 443 1338 qui
463 1259 595 1342 episcopi
612 1259 812 1323 uidebantur:
835 1258 950 1321 ceteros
965 1254 1066 1317 metus
1081 1249 1234 1333 dispersit.

144 1358 288 1423 Actum
302 1360 492 1438 Instantius,
526 1360 689 1427 Saluianus
714 1364 746 1424 et
772 1358 984 1423 Priscillianus
1008 1356 1139 1420 Romam
1165 1366 1286 1433 pro-48

57 1480 85 1518 ιο
95 1458 195 1539 fecti,
213 1465 253 1526 ut
268 1463 355 1545 apud*
366 1464 553 1542 Damasum,
568 1464 653 1528 urbis
668 1483 704 1528 66
714 1464 900 1545 tempestate
911 1460 1100 1542 episcopum,
1116 1454 1236 1520 obiecta

95 1567 290 1648 purgarent.
314 1566 368 1629 sed
381 1567 442 1630 iter
456 1567 500 1631 eis
514 1569 636 1650 praeter
649 1566 826 1631 interiorem
843 1561 1061 1645 Aquitanicam
1081 1557 1158 1635 fuit,
1180 1555 1263 1624 ubic

94 1669 172 1730 tum
203 1668 246 1731 ab
272 1668 425 1750 imperitis
450 1669 612 1753 magnifiee
637 1656 772 1751 suscepti
797 1686 934 1751 sparsere
950 1664 1094 1748 perfidiae
1108 1660 1233 1725 semina.

97 1772 310 1852 maximeque
321 1771 490 1837 Elusanam
510 1772 646 1855 plebem,
670 1790 742 1836 sano
756 1776 825 1835 tum
840 1771 952 1835 bonam
967 1770 998 1833 et
1012 1764 1153 1849 religioni
1168 1764 1235 1827 stu-

96 1872 251 1949 dentem,
287 1875 392 1955 prauis
420 1874 698 1956 praedicationibus
726 1877 908 1957 peruertere.
938 1892 956 1937 a
984 1868 1153 1952 Burdigala
1181 1886 1237 1951 per

61 1975 270 2040 rcDelfirrum
280 1976 410 2058 repulsi,
425 1979 577 2043 tamenin
591 1997 665 2061 agro
680 1978 863 2041 Enchrotiae
879 1975 1098 2057 aliquantisper
1112 1972 1236 2049 morati,

94 2077 241 2143 infecere
266 2079 426 2143 nonnullos
457 2081 520 2143 suis
551 2081 710 2144 erroribus.
739 2080 810 2143 inde
838 2080 899 2143 iter
927 2080 1068 2159 coeptum
1096 2075 1264 2158 ingressis

94 2182 191 2265 turpi
222 2200 297 2246 sane
321 2182 557 2265 pudibundoque
583 2183 748 2260 comitatu,
772 2202 842 2247 eum
862 2180 1006 2245 uxoribus
1021 2180 1113 2259 atque
1127 2178 1236 2243 alienis

95 2286 208 2349 etiam
223 2283 364 2362 feminis,
386 2285 418 2348 in
444 2286 512 2367 quis
538 2288 605 2350 erat
628 2285 796 2350 Euohrotia
816 2303 851 2348 ac
871 2283 935 2347 filia
950 2283 1015 2347 eius
1030 2280 1175 2370 Procula,
1198 2281 1236 2345 de

96 2406 162 2468 qna
193 2386 261 2451 fuit
280 2388 313 2451 in
333 2406 471 2452 sermone
490 2389 650 2453 bominum
663 2387 852 2453 Priscilliani
867 2388 972 2467 stupro
987 2371 1149 2468 grauidam
1163 2401 1235 2464 par·

62 2492 176 2554 cotum
209 2490 270 2553 sibi
297 2491 490 2573 graminibus
518 2491 665 2575 abegisse.
689 2492 723 2555 hi
744 2491 798 2555 ubi
818 2490 949 2553 Romam
969 2504 1148 2570 peruenere,
1170 2485 1264 2549 Da-4

96 2612 196 2658 maso
213 2611 246 2656 so
260 2612 391 2676 purgare
406 2595 572 2676 cupientes,
587 2614 625 2659 ne
639 2595 672 2658 in
683 2595 881 2676 conspectum
892 2591 1016 2673 quidem
1027 2589 1092 2653 eius
1107 2587 1235 2652 admissi

97 2699 190 2760 sunt.
218 2697 349 2778 regressi
363 2696 572 2761 Mediolanum
593 2716 688 2779 aeque
710 2697 924 2761 aduersantem
951 2694 1009 2759 sibi
1036 2692 1234 2757 Ambrosium

95 2800 317 2882 reppererunt.
341 2800 411 2863 tum
432 2802 553 2864 uertere
573 2800 716 2878 consilia,
751 2802 803 2877 ut,
837 2800 909 2881 quia
936 2798 1054 2862 duobus
1076 2795 1263 2879 episcopias

97 2919 244 2983 quorum
270 2918 306 2965 66
329 2904 514 2983 tempestate
539 2922 662 2967 summa
687 2902 856 2967 auctoritas
880 2904 961 2979 erat,
983 2920 1043 2966 non
1063 2900 1234 2979 illuserant,

63 3004 272 3087 elargiendo
297 3006 329 3067 et
356 3004 517 3069 ambiendo
542 3004 580 3069 ab
606 3005 790 3087 imperatore
815 3006 920 3087 cupita
946 3006 1166 3085 extorquerent.
1189 3004 1236 3069 ita

98 3109 258 3188 corrupto
281 3107 474 3185 Macedonio,
496 3110 566 3171 tum
590 3108 741 3191 magistro
755 3108 941 3185 officiorum,
970 3106 1153 3190 rescriptum
1179 3105 1235 3170 eli·

98 3212 215 3286 ciunt,
239 3228 298 3290 quo
323 3210 465 3287 calcatis,
499 3228 576 3291 quae
601 3211 686 3293 prins
701 3211 824 3275 decreta
839 3212 940 3288 erant,
963 3209 1086 3275 restitui
1100 3209 1235 3275 ecclesiis

100 3310 306 3377 iubebantur.
331 3313 388 3376 hoc
412 3311 485 3376 freti
510 3314 681 3378 Instantius
707 3315 739 3377 et
765 3312 978 3378 Priscillianus
993 3312 1161 3395 repetiuere
1176 3312 1263 3378 Hie

102 3414 253 3498 spam'as3
274 3434 348 3478 nam
363 3413 525 3479 Saluianus
540 3415 573 3479 16
587 3414 662 3479 urbe
677 3416 810 3481 obierat:
844 3436 879 3481 ac
894 3418 963 3480 tum
978 3417 1042 3480 sine
1057 3416 1120 3480 ullo
1136 3417 1234 3481 certa-

68 3520 196 3584 eomine
210 3516 367 3595 ecclesias,
391 3517 502 3599 quibus
516 3517 726 3600 praefuerant,
748 3538 895 3601 recepere.

148 3620 272 3693 Verum
287 3620 406 3685 Ithaoio
421 3621 461 3685 ad
475 3620 679 3685 resistendum
692 3639 751 3685 non
768 3623 903 3700 animus,
919 3622 971 3687 sed
982 3622 1114 3687 facultas
1126 3621 1234 3699 defuit,
1245 3624 1286 3687 tt

3 3787 4 3800 ,
103 3725 186 3807 quia
198 3724 347 3789 haeretici
362 3726 505 3806 corrupto
520 3723 685 3789 Voluentio
699 3725 877 3806 proconsule
891 3725 973 3791 uires
988 3744 1059 3791 6666
1074 3724 1234 3791 confirma-

159 3910 448 3967 4ccrtaminaorrab
528 3910 720 3974 9ActumP,
746 3910 893 3965 Attumb
973 3909 1233 3979 11Aqnitaniamb

162 3998 201 4055 15
219 3996 411 4065 Delphinumb
434 3998 447 4064 ΙΙ
468 3996 620 4050 euchrotiae
638 3998 678 4063 P,
704 4002 737 4050 ct
748 4012 796 4049 ern.
810 3996 843 4049 dc
855 3997 955 4051 Proto:
981 3996 1140 4050 11661666166
1161 3995 1189 4059 b,
1209 3999 1235 4049 cr

105 4085 147 4137 sic
169 4083 254 4149 infra
307 4081 342 4137 17
364 4081 632 4150 cnmfcminisatquc
652 4082 749 4136 alienis
770 4082 853 4135 etiam
874 4082 998 4135 uxoribus
1019 4082 1087 4135 66661.
1101 4080 1235 4135 chrato

161 4168 198 4224 21
219 4170 360 4235 conspectu
378 4169 407 4221 P
473 4168 511 4223 22
529 4172 595 4235 eque
613 4169 641 4222 P
691 4168 730 4224 24
746 4169 908 4236 tempestate
926 4168 953 4221 P
1020 4165 1057 4221 26
1075 4168 1134 4219 tum
1146 4166 1184 4230 P,
1203 4170 1235 4220 661

107 4255 181 4309 ceni.
204 4253 349 4322 Sicanios:
379 4254 473 4307 cumb
538 4253 719 4309 27666161Ρ
782 4252 818 4309 31
838 4252 941 4307 Ithacio
961 4251 1115 4306 Barbatus:
1134 4251 1235 4305 itachio

108 4341 151 4406 P,
172 4337 424 4403 Traclriob,1dacio
437 4338 568 4409 81666166
619 4339 659 4395 32
670 4338 796 4392 Vinentio
808 4338 950 4392 Barcaeus
