3050 4984
284 498 337 545 XII

286 633 538 708 uetustissimis
562 630 753 730 exemplis,
792 642 832 703 ut
861 630 936 729 ipse
967 630 1090 704 testari
1121 656 1266 729 possum
1291 628 1411 704 tribus

283 780 375 852 quae
397 754 558 853 possidet
581 750 797 824 bibliotheca
819 750 1043 824 Monacensis
1066 750 1248 849 inspectis.
1282 750 1320 823 in
1353 751 1410 822 ed.

284 872 450 947 Vallarsii
472 872 604 970 legitur
625 871 720 945 inter
739 871 872 971 scripta
891 869 1114 970 Hieronymo
1132 870 1319 970 supposita
1339 869 1410 943 uol.

283 993 338 1066 XI
360 1020 394 1092 p.
419 997 486 1065 127
511 1019 588 1091 sqq.
612 991 767 1090 denique
788 1017 871 1090 pars
894 991 1055 1064 eiusdem
1078 989 1248 1091 epistolae
1269 989 1411 1064 inueni-

284 1124 345 1186 tur
379 1114 420 1186 in'
452 1113 539 1187 actis
574 1111 719 1186 concilii
754 1112 1077 1210 Aquisgranensis,
1126 1138 1216 1210 quae
1247 1111 1410 1185 recensio

282 1233 450 1334 proxime
472 1233 516 1305 ad
539 1233 695 1332 optimos
717 1231 848 1322 libros,
877 1232 1007 1330 quibus
1028 1232 1065 1305 L.
1090 1231 1298 1306 Holstenius
1324 1258 1411 1305 usus

282 1365 355 1445 est,
395 1354 541 1427 accedit.
574 1352 678 1426 nobis
710 1353 745 1424 in
776 1343 927 1451 epistola
960 1354 1177 1426 recensenda
1208 1354 1252 1424 ad
1282 1379 1411 1425 manus

282 1485 385 1548 erant
414 1473 584 1547 lectiones
614 1473 747 1547 codicis
770 1473 945 1562 Romani,
983 1473 1089 1547 unius
1122 1498 1169 1547 ex
1201 1472 1244 1546 iis
1278 1471 1410 1572 quibus

283 1593 492 1668 Holstenius
512 1621 597 1667 usus
616 1604 690 1685 est,
714 1593 758 1665 ab
786 1595 895 1692 Aug.
918 1593 1315 1667 Reifferscheidio
1346 1619 1411 1666 ex-

282 1715 454 1812 scriptae,
478 1715 611 1788 codicis
635 1712 958 1811 Cantabrigiensis‚=
988 1739 1075 1813 quas
1098 1725 1135 1787 et
1157 1711 1253 1813 ipsas
1276 1713 1411 1812 insigni

283 1835 392 1929 Angli
412 1835 543 1908 Munro
560 1834 828 1908 beneuolentiae
843 1834 973 1926 debeo,
997 1833 1131 1907 codicis
1151 1834 1304 1932 denique
1318 1832 1411 1907 Vin-

282 1954 500 2028 dobonensis
524 1954 694 2054 Theolog.
714 1982 814 2028 num.
832 1959 905 2028 664
922 1957 973 2053 (u.
990 1953 1101 2027 Codd.
1121 1980 1204 2026 mss.
1226 1954 1334 2027 theol.
1354 1955 1409 2027 ed.

282 2072 393 2149 Denis
415 2073 444 2165 Ι,
471 2080 503 2165 1,
526 2102 560 2174 p.
582 2078 652 2149 891
678 2086 714 2149 et
736 2074 891 2148 Tabulae
913 2076 1015 2149 codd.
1029 2074 1188 2148 Vindob.
1209 2074 1237 2165 Ι,
1254 2103 1287 2174 p.
1306 2075 1408 2172 143),

281 2221 371 2294 quas
404 2194 754 2270 Kuerschnerus
803 2195 935 2269 sodalis
984 2194 1163 2268 seminarii
1202 2192 1410 2293 philologici

280 2311 574 2391 Vindobonensis
590 2315 628 2389 in
643 2343 764 2390 meum
779 2343 883 2390 usum
904 2316 1107 2414 exscripsit.
1138 2316 1272 2389 horum
1291 2315 1407 2389 subsi-

281 2437 424 2510 diorum
461 2464 528 2537 ope
564 2437 700 2536 aliquot
736 2437 862 2510 saltem
898 2437 986 2510 locis
1023 2438 1197 2536 optimam
1227 2435 1407 2510 Holstenii

280 2558 527 2632 recensionem
549 2559 739 2631 emendare
762 2556 957 2656 potuimus,

335 2797 502 2897 Reliquas
526 2797 685 2896 quinque
709 2797 877 2896 epistolas
901 2797 1046 2871 Lucas
1071 2797 1310 2897 D'Achery
1333 2798 1406 2898 pri·

270 2939 384 2990 ‘mum
407 2920 443 2991 in
468 2917 660 3017 Spicilegio
684 2917 735 3008 V,
768 2946 801 3017 p.
826 2920 900 2991 532
924 2945 1000 3017 sqq.
1025 2945 1072 2991 ex
1095 2919 1218 2991 codice
1241 2917 1404 2992 Romano

283 3039 321 3111 in
343 3038 458 3112 lucem
480 3038 648 3138 protulit,
672 3064 781 3136 quem
799 3039 918 3137 ipsum
940 3040 1186 3136 Augustus
1208 3039 1405 3112 Reiffer-

281 3159 446 3232 scheid
477 3159 513 3231 in
539 3158 753 3232 bibliotheca
776 3157 950 3232 Vaticana
972 3159 1067 3231 inter
1089 3158 1200 3232 libros
1223 3159 1404 3232 Palatinos

282 3306 316 3351 n.
341 3281 412 3352 829
449 3278 585 3352 iterum
625 3278 765 3352 inuenit
796 3289 832 3352 et
856 3305 926 3376 qua
957 3279 1070 3352 estin
1095 3305 1152 3352 me
1175 3279 1403 3352 officiositate

281 3398 451 3473 lectiones
475 3399 716 3498 discrepantes
735 3423 876 3473 mecum
896 3400 1187 3474 communicauit.
1211 3426 1259 3473 ex
1277 3401 1403 3474 eodem

281 3519 404 3594 codice
439 3519 637 3618 descriptae
671 3533 854 3617 praeterea
884 3530 1029 3592 exstant
1061 3520 1099 3592 in
1131 3521 1210 3593 cod.
1242 3519 1404 3593 Palatino

281 3667 316 3714 n.
340 3643 424 3714 828.

334 3879 425 3955 (lum
447 3879 536 3953 mihi
560 3881 704 3979 quidem
735 3881 965 3955 manifestum
996 3864 1161 3957 uideatur
1188 3883 1321 3957 nullam
1342 3883 1403 3956 ha·

279 4026 363 4075 rum
386 4012 524 4101 septem
547 3999 804 4100 epistolarum,
823 4001 956 4102 quippe
975 4030 1126 4102 quarum
1146 4030 1265 4077 sermo
1283 4031 1304 4076 a
1322 4003 1403 4076 stilo

281 4121 521 4217 genuinorum
546 4120 693 4221 Sulpicii
723 4121 901 4196 librorum
935 4150 1085 4223 prorsus
1114 4123 1322 4215 abhorreat,
1359 4124 1403 4196 ad

280 4264 365 4312 eum
398 4253 577 4316 auctorem
608 4243 734 4316 referri
756 4269 882 4342 posse,
923 4245 984 4316 diu
1015 4244 1242 4344 multumque
1264 4270 1403 4319 mecum

282 4360 450 4458 reputaui
472 4388 559 4435 num
581 4361 619 4436 in
642 4390 774 4437 nouam
802 4363 998 4439 editionem
1028 4364 1253 4464 recipiendae
1271 4376 1398 4442 essent.
