3050 4984
722 325 869 396 Sulpicii
890 324 1003 381 Seueri

410 1090 1325 1198 EPISTVLASECVNDA.

582 1323 642 1388 no
674 1318 894 1386 svnnurm
924 1314 1153 1383 omeouvu.

280 1487 297 1549 l
351 1458 561 1577 Posteaquam
581 1511 600 1558 a
619 1510 669 1557 me
689 1509 779 1556 mane
799 1490 949 1575 digressus
969 1507 1015 1567 es,
1039 1507 1123 1553 eram
1142 1488 1278 1555 residens
1298 1488 1381 1553 solus
1396 1488 1433 1553 in

312 1597 437 1677 cellula,
471 1597 666 1679 subieratque
697 1613 746 1660 me
777 1594 834 1659 illa
866 1610 937 1676 quae
971 1592 1090 1675 saepius
1121 1593 1249 1675 occupat
1271 1574 1431 1676 cogitatid,

311 1719 379 1783 spes
404 1698 581 1765 futurorum
605 1697 872 1782 praesentiumque
897 1694 1069 1773 festidium,
1091 1693 1199 1759 iudicii
1224 1695 1342 1772 metus,
1365 1692 1431 1758 for-

312 1802 394 1867 mido
408 1821 589 1885 poenarum,
612 1803 658 1880 et,
681 1801 762 1884 quod
782 1817 960 1882 consequens
980 1799 1045 1863 erat
1064 1797 1162 1880 adque
1182 1797 1261 1863 unde
1272 1795 1431 1881 ‘cogitatio

311 1905 377 1969 tota
390 1904 599 1983 descenderat,
620 1905 814 1987 peccatorum
828 1920 963 1967 meorum
975 1901 1140 1966 recordatio
1155 1901 1278 1965 tristem
1291 1918 1341 1965 me
1356 1918 1431 1965 oon-

278 2006 484 2090 afeotumque
498 2007 680 2073 reddiderat.
703 2006 811 2073 deinde
832 2024 901 2071 oum
918 2004 1047 2089 fatigata
1067 2003 1163 2069 animi
1183 2022 1294 2088 angore
1314 2003 1347 2069 in
1366 2003 1431 2067 leo·

309 2110 375 2175 tulo
401 2110 539 2176 membra
562 2110 747 2193 posuissem,
780 2111 817 2174 ut
841 2109 1013 2192 plerumque
1038 2126 1074 2172 en
1098 2106 1316 2172 moestitudine
1340 2105 1431 2185 solet,

311 2231 435 2279 somnus
449 2214 635 2296 obrepsib-
648 2214 701 2298 qui
716 2215 752 2278 ut
767 2232 884 2295 semper
898 2211 1055 2277 matutinis
1069 2210 1152 2275 horis
1167 2210 1264 2275 leuior
1278 2210 1431 2275 incertus-
1442 2230 1475 2267 10

310 2335 383 2400 que,
406 2317 451 2381 ita
465 2335 627 2399 suspensus
642 2335 677 2383 ac
692 2317 804 2383 dubius
818 2334 870 2399 per
884 2315 1017 2381 membra
1030 2313 1227 2393 diffunditur,
1250 2314 1286 2379 ut
1301 2312 1381 2396 quod
1395 2312 1431 2378 in

278 2420 371 2486 salio
386 2438 490 2503 sopore
504 2438 564 2486 non
579 2420 696 2499 euenit,
711 2439 805 2503 paene
820 2419 948 2505 uigilans
963 2417 1092 2482 dormire
1106 2418 1138 2483 te
1153 2417 1265 2483 sentias
1277 2438 1333 2481 -:
1357 2434 1431 2481 oum

312 2525 435 2606 repente
455 2525 595 2589 sanctum
609 2523 779 2588 Martinum
800 2523 969 2605 episcopum
989 2520 1091 2585 uidere
1105 2520 1184 2584 mibi
1198 2519 1318 2599 uideor,
1340 2538 1430 2602 proc-

313 2628 432 2692 tertum
446 2628 519 2711 toga
534 2626 676 2704 candida,
699 2625 790 2690 uultu
805 2626 905 2711 igneo,
926 2622 1117 2690 stellantibus
1132 2624 1243 2703 oculis,
1259 2624 1340 2690 crine
1354 2644 1430 2708 pur-

314 2748 422 2813 pureo:
444 2730 543 2812 adque
563 2729 608 2793 ita
627 2728 710 2793 mihi.
727 2729 759 2793 in
780 2748 815 2794 ea
833 2727 1008 2794 habitudine
1022 2726 1153 2810 corporis
1173 2726 1345 2811 formaque,
1369 2748 1475 2811 quara

314 2850 385 2897 eum
409 2849 569 2911 noueram,
591 2830 768 2911 uidebatur,
791 2834 841 2912 ut,
863 2832 940 2915 qued
965 2831 1064 2913 eloqui
1083 2830 1171 2896 nobis
1190 2849 1284 2912 paene
1304 2830 1432 2897 difficile

313 2935 376 3013 est,
408 2952 469 2999 non
493 2935 595 3016 posset
618 2935 728 3017 aspici,
762 2954 833 3000 cum
857 2936 954 3018 posset
978 2934 1108 3019 agnosci.
1132 2934 1332 3017 adridensque
1352 2935 1433 2999 mibi

314 3037 475 3121 paululum
489 3038 645 3117 libellum,
660 3057 752 3120 quem
767 3038 804 3104 de
819 3038 884 3104 uita
896 3038 979 3103 illius
993 3037 1186 3120 scripseram,
1207 3037 1331 3103 dextere
1343 3056 1433 3120 prae-

282 3140 441 3206 oforeoao.
457 3159 512 3226 ego
527 3142 631 3207 sancta
645 3159 744 3226 genua
758 3142 823 3207 eius
839 3141 995 3224 conplexus
1015 3140 1255 3206 benedictionem
1276 3142 1344 3223 [pro
1360 3159 1433 3205 con-

316 3244 490 3327 suetudine]
505 3244 699 3329 flagitabam,
722 3246 999 3328 superpositamque
1014 3244 1107 3326 capiti
1121 3261 1189 3308 meo
1204 3263 1331 3309 manum
1346 3244 1477 3309 tactum

314 3346 513 3411 blandissimo
539 3347 721 3426 sentiebam,
755 3367 825 3412 oum
839 3348 917 3412 inter
930 3347 1145 3411 benedictionis
1166 3347 1259 3411 uerba
1273 3346 1435 3413 sollemnia

316 3448 469 3515 familiare
482 3449 562 3513 illud
576 3449 620 3513 ori
636 3468 689 3515 suo
705 3451 803 3515 crucis
816 3469 924 3516 nomen
938 3450 1070 3514 iteraret.
1086 3467 1156 3514 mox
1170 3451 1203 3514 in
1218 3468 1288 3514 eum
1302 3449 1432 3515 lumini-

316 3551 373 3616 bus
387 3550 529 3631 intentis,
552 3570 622 3616 oum
637 3553 778 3618 exsatiari
793 3553 883 3619 uultu
897 3552 979 3618 illius
994 3555 1212 3636 conspectuque
1226 3571 1286 3618 non
1300 3570 1431 3635 possem,

369 3774 387 3831 3
405 3774 599 3827 Praemittitcr
610 3774 643 3827 ire
654 3775 713 3829 edd.
724 3774 856 3846 Sulpicius
868 3776 978 3831 Seuerus
986 3774 1093 3829 Aurelio
1106 3775 1213 3829 diacono
1227 3776 1349 3844 salutem,
1362 3792 1434 3845 quae

316 3861 417 3915 obsunt
436 3859 567 3914 obAFV
630 3859 795 3931 4cogitetio
815 3861 934 3932 AFQV:
958 3878 1035 3916 cmc
1103 3862 1236 3932 8engore
1257 3863 1341 3915 enimi
1360 3862 1434 3917 AFc

371 3946 406 4002 11
425 3945 562 3999 acAFV:
582 3947 636 3999 eto
705 3948 741 4005 13
758 3948 1073 4017 praetextetnmtcodd.
1092 3948 1173 4003 oceo.
1246 3949 1282 4008 15
1300 3948 1432 4002 incuba-

317 4032 378 4085 bitu
393 4032 419 4086 V
438 4034 451 4100 11
472 4030 558 4085 forma
568 4030 622 4101 FQ
644 4033 656 4100 ΙΙ
678 4048 731 4101 qua
742 4051 801 4087 eum
818 4034 852 4088 V:
864 4033 1017 4102 quaAFQ‚
1036 4049 1142 4102 quomo
1196 4034 1231 4091 17
1249 4035 1336 4103 possit
1348 4035 1434 4105 aspici

315 4133 378 4171 cum
388 4117 555 4187 possitAFo
608 4117 644 4175 18
662 4119 780 4174 donuae
843 4120 878 4177 19
897 4120 1036 4189 conplexus
1048 4120 1145 4174 AFV:
1165 4120 1328 4189 amplexuso
1350 4123 1362 4189 ΙΙ
1385 4138 1434 4190 pro

314 4204 564 4258 consuetudinem.
582 4204 608 4258 V
656 4204 695 4262 20
712 4208 814 4261 tactum
830 4205 1031 4260 blandissimum
1048 4206 1074 4260 V
1122 4206 1160 4263 22
1173 4222 1215 4261 ore
1228 4207 1335 4263 Fcorr.
1350 4210 1434 4263 oceri

371 4288 409 4345 23
426 4290 524 4357 possim
536 4289 618 4360 FQV
