3050 4984
494 409 497 424 ¹
562 398 667 468 llpist
686 398 722 453 11.
1133 402 1197 468 229

88 559 153 616 lunt.
175 558 249 617 nihil
265 575 333 634 ergo
348 559 500 634 uirginitas
515 559 578 619 sola
590 558 733 633 proficiet,
749 574 823 633 quae
838 558 970 621 caelestis
984 559 1065 636 regni
1079 558 1199 635 gloriam
1249 617 1253 627 ,

88 664 182 733 sperat,
196 661 255 722 nisi
270 665 301 721 et
314 662 389 721 illud
402 662 535 723 habuerit
549 662 596 721 cui
610 664 747 736 perpetua
759 661 823 721 uita
836 662 1029 737 promittitur,
1049 679 1100 737 per
1114 680 1199 737 quarn

87 763 203 823 caelestis
216 766 301 839 regni
315 766 471 839 praemium
486 765 655 839 possidetur.
671 768 739 826 ante
753 765 848 825 omnia
862 782 927 841 ergo
943 766 1109 840 pudicitiam
1124 765 1198 826 inte·

87 867 265 941 unitatemque
280 868 463 928 sementibus
476 871 506 928 et
520 868 582 928 eius
596 867 851 928 remunerationem
872 884 890 927 a
909 868 961 929 Dei
976 869 1119 943 aequitate
1134 883 1198 941 spa-

70 968 201 1029 cantibus
215 971 416 1030 mandatorum
431 974 500 1030 sunt
518 971 702 1031 custodienda
721 974 885 1045 praecepta,
908 988 944 1032 ne
958 971 1097 1047 gloriosae
1111 970 1198 1030 casti-

85 1074 143 1131 tatis
156 1075 184 1132 ct
198 1073 392 1133 continentiae
406 1074 486 1133 labor
507 1073 537 1133 in
552 1073 665 1133 irritum
679 1074 843 1135 deducatur.
867 1091 953 1149 supra
966 1076 1131 1134 mundatum
1151 1073 1198 1133 uel

88 1179 254 1249 praeceptum
270 1192 332 1236 essa
347 1176 543 1251 uirginitatem
558 1177 671 1251 sapiens
686 1194 720 1236 ex
734 1177 798 1252 lege
812 1178 911 1237 nullus
924 1178 1046 1253 ignorat,
1063 1178 1197 1252 Aportclo

88 1280 196 1338 dicente:
219 1281 261 1340 de
294 1280 505 1355 uirginibus
533 1283 654 1339 eutem
683 1284 921 1355 praeceptum
954 1282 1097 1340 Domini
1128 1298 1198 1341 non

87 1382 200 1454 habeo,
223 1384 423 1443 consilium
444 1386 564 1442 autem
585 1385 635 1443 do.
658 1400 722 1442 cum
748 1401 814 1458 ergo
840 1384 1007 1444 obtinendae
1021 1384 1198 1459 uirginitatis

66 1484 220 1545 consilinm
246 1487 312 1559 dat,
335 1504 392 1545 ncn
413 1488 594 1560 praereptum
620 1486 739 1559 statuit,
762 1488 1034 1560 supramandatum
1056 1503 1199 1547 comesse

88 1587 215 1659 professus
241 1592 296 1648 est.
329 1590 500 1663 quicumque
523 1606 589 1664 ergo
615 1589 811 1665 uirginitatem
837 1592 967 1664 seruant,
996 1590 1087 1649 maius
1113 1608 1198 1664 quam

88 1694 253 1765 praeceptum
282 1695 326 1752 est
352 1692 470 1751 faciunt.
493 1696 563 1751 tunc
587 1693 663 1752 enim
687 1693 814 1766 proderit
839 1693 963 1767 amplius
987 1693 1088 1753 fecisse
1113 1710 1198 1767 quam

88 1795 181 1854 iussum
205 1799 269 1868 est,
293 1796 319 1854 si
344 1797 419 1869 qued
444 1796 554 1855 iussum
578 1799 622 1855 est
648 1796 757 1857 feceris.
780 1813 847 1855 nam
867 1797 1003 1871 quomodo
1018 1797 1084 1871 plus
1098 1795 1198 1856 fecisse

88 1897 255 1971 gloriaberis,
280 1899 422 1958 siminus
447 1899 557 1972 aliquid
581 1916 638 1957 non
663 1896 775 1958 facias?
798 1899 913 1973 cupiens
937 1898 1066 1958 diuinum
1081 1898 1198 1973 implere

68 2001 222 2060 utensilium
237 2004 307 2060 ante
321 2001 417 2060 omnia
431 2017 514 2061 serua
528 2003 707 2061 mandatum:
730 2003 830 2061 uolens
850 2002 1028 2077 uirginitatis
1042 2001 1199 2075 praemium

91 2106 206 2178 consequi
231 2105 311 2163 uitae
337 2104 508 2178 amplectere
532 2105 651 2176 merite,
674 2107 708 2162 ut
731 2104 770 2163 sit
793 2104 873 2163 cuius
892 2105 1065 2163 remunerari
1081 2104 1199 2164 castitas

91 2208 172 2276 possit.
195 2224 264 2266 nam
288 2210 323 2265 ut
348 2208 438 2265 uitam
464 2209 592 2280 praestat
616 2207 776 2267 obseruatio
802 2209 1012 2279 mandatorum,
1036 2208 1079 2265 ita
1103 2223 1198 2267 eorum

92 2312 244 2370 econtmrio
259 2313 378 2386 generat
392 2310 597 2384 praeuaricatic
612 2313 740 2369 mortem.
756 2312 785 2369 et
800 2309 849 2382 qui
864 2326 914 2383 par
929 2309 1198 2383 praeuaricationem

93 2412 114 2468 in
125 2417 237 2473 mortem
253 2414 342 2473 fucrit
357 2415 519 2487 deputatus,
543 2411 719 2487 uirginitatis
740 2428 869 2471 coronam
885 2426 997 2484 sperare
1011 2429 1067 2470 nou
1083 2412 1196 2485 poterit,

72 2529 165 2589 eosque
179 2518 335 2591 pudicitiae
351 2516 507 2591 praemium
522 2518 683 2590 exspectare
697 2514 869 2574 constitutus
883 2514 914 2572 in
928 2530 1025 2587 poena
1124 2538 1126 2543 ·

124 2620 184 2679 lues
198 2621 277 2680 enim
292 2620 399 2693 specics
414 2622 482 2678 sunt
496 2619 646 2689 uirtutum,
669 2634 719 2693 per
733 2634 804 2691 quas
819 2617 950 2677 caelestis
964 2617 1045 2690 regni
1060 2615 1197 2690 possessio
1209 2624 1226 2679 5

92 2720 215 2781 introitur.
239 2724 334 2797 prima
349 2722 487 2798 pudicitia
501 2724 554 2794 est,
570 2722 691 2780 secunda
705 2720 803 2779 mundi
827 2720 1015 2793 contemptus,
1031 2718 1118 2777 tertia
1131 2734 1198 2777 uero

92 2823 198 2898 institia,
222 2844 297 2901 quae
318 2830 351 2885 ut
371 2842 490 2886 conexae
512 2825 666 2899 plurimum
688 2840 718 2883 se
743 2822 952 2897 possidentibus
973 2823 1133 2895 praestant,
1156 2821 1199 2879 ita

92 2926 181 2989 diuisae
194 2931 329 3004 prodesse
343 2929 460 2988 difficile
474 2930 607 3002 possunt,
630 2928 697 2988 dum
716 2942 902 3001 unaquaeque
927 2942 1023 2985 earum
1043 2942 1100 2985 nou
1113 2940 1198 2998 prop·
1289 2930 1295 2947 ·

174 3148 224 3204 81
243 3147 303 3204 Cer.
323 3147 350 3211 7,
369 3147 415 3205 25.

130 3336 226 3392 linud
240 3336 308 3392 RV:
327 3336 401 3389 aliud
418 3336 441 3391 0
506 3334 525 3391 3
542 3349 604 3403 ergo
616 3333 705 3389 omnia
716 3332 751 3387 H
803 3333 821 3391 5
840 3333 903 3385 sunt
914 3330 1086 3385 custodienda
1097 3330 1196 3386 ARV:

94 3423 247 3477 estenstcdia
264 3423 296 3487 0,
310 3420 511 3475 custodiaestb
563 3419 622 3476 sin
633 3418 775 3473 interitum
791 3418 827 3487 V,
840 3417 930 3471 inem.
944 3416 971 3471 R
1024 3416 1082 3472 set
1096 3416 1134 3472 10
1152 3432 1195 3469 su-

94 3520 127 3570 per
147 3508 178 3574 V;
197 3524 278 3578 supra
292 3540 325 3547 —-
339 3524 391 3561 nou
410 3506 495 3561 facias
513 3511 551 3574 (ec
571 3507 617 3573 14)
635 3521 683 3559 ora
703 3506 730 3557 A
801 3503 818 3559 6
837 3503 880 3557 uel
897 3503 1066 3571 praeceptum
1083 3501 1198 3555 emetur

94 3591 202 3656 qlceeemu
257 3594 273 3651 7
292 3594 394 3665 exlege
410 3593 470 3649 GV:
489 3594 516 3646 ct
527 3592 620 3660 legens
632 3590 660 3646 R
723 3589 760 3645 10
779 3588 878 3642 statuit
890 3588 932 3643 It:
951 3603 1000 3641 om.
1020 3586 1070 3643 GV
1089 3587 1101 3653 ΙΙ
1123 3600 1196 3639 man·

95 3674 168 3733 datum
187 3681 256 3736 RV:
294 3678 449 3733 mandatum
472 3677 517 3732 uel
537 3678 706 3746 pracceptum
735 3676 782 3739 H,
819 3672 905 3729 mand
928 3675 955 3726 et
978 3672 1148 3741 praeceptum
1177 3670 1200 3725 0

133 3766 164 3821 11
182 3782 304 3837 ergeuen
319 3765 347 3821 R
374 3766 387 3833 ΙΙ
409 3764 495 3818 maius
512 3764 571 3819 OR:
591 3762 678 3831 magis
690 3761 751 3815 HV
812 3760 848 3817 13
867 3760 968 3813 iustum
985 3760 1010 3813 V
1030 3760 1042 3827 ΙΙ
1064 3756 1147 3811 facias
1160 3755 1195 3821 R,

94 3844 305 3906 leoena—minus
327 3850 429 3919 aliquid
450 3866 498 3905 oric
519 3849 552 3903 H
612 3848 648 3904 14
665 3846 775 3915 aliquod
799 3847 826 3901 V
845 3847 856 3913 ll
879 3861 991 3899 nonum.
1005 3844 1063 3900 RV
1082 3845 1094 3911 tl
1113 3841 1197 3895 facias

96 3930 146 3987 RV:
162 3937 253 3992 feceris
269 3938 292 3993 Ο
311 3939 324 4005 ΙΙ
347 3937 435 4005 cupies
457 3936 485 3991 R
555 3936 591 3994 15
609 3933 736 3987 mandati
747 3935 806 3985 tam
823 3932 902 4001 (corr.
916 3932 986 4000 tum)
997 3929 1025 3985 R
1051 3930 1055 3995 t
1081 3926 1196 3997 uirgini·

95 4021 198 4079 uena
244 4025 280 4081 16
292 4024 451 4093 amplectere
463 4021 589 4075 maritum
601 4020 674 4073 uitae
688 4018 712 4074 0
726 4020 739 4086 ΙΙ
755 4020 786 4072 ut
798 4017 836 4071 sit
847 4016 921 4071 cuius
934 4015 1028 4071 ARV:
1041 4015 1072 4067 ut
1083 4014 1131 4066 tua
1146 4012 1201 4067 GH

103 4105 113 4166 t
130 4110 231 4164 castitas
250 4108 412 4164 remunerari
438 4108 461 4165 0
529 4106 564 4163 17
583 4121 674 4159 eorum
694 4121 708 4158 a
729 4103 861 4158 contrario
873 4101 965 4156 Aes:
984 4100 1092 4154 econtr.
1105 4113 1196 4151 eorum
1219 4108 1225 4118 ·

97 4185 142 4242 HV
186 4195 221 4252 18
237 4194 553 4265 praeuaricaticgencrat
569 4192 596 4245 V
663 4190 699 4247 19
718 4186 911 4245 inmorteAO
931 4188 944 4254 ΙΙ
966 4185 1108 4254 deputatus
1127 4183 1162 4237 H
1169 4188 1196 4237 et

98 4273 127 4326 td.
140 4277 216 4334 Vae:
234 4298 282 4336 oea.
295 4280 407 4337 AORV
457 4279 494 4336 21
512 4280 649 4332 tres—-
661 4276 704 4330 fac
715 4275 814 4329 bonum
826 4275 862 4343 (p.
876 4274 940 4339 231,
953 4272 985 4339 2)
995 4286 1045 4324 'ctu
1060 4270 1087 4324 A
1109 4271 1121 4339 it
1140 4268 1195 4323 uir·

99 4363 169 4417 tutum
182 4366 215 4420 V:
232 4384 279 4423 ora.
299 4366 378 4423 CHR
400 4368 412 4433 ΙΙ
434 4365 511 4435 regni
522 4363 647 4419 caelestis
665 4363 687 4419 G
742 4361 780 4417 22
799 4361 841 4413 est
852 4355 983 4427 pudicitia
1000 4355 1053 4413 011
