3050 4984
1184 501 1226 550 11

87 629 299 706 Veronensi
323 631 519 706 defluxisse
543 644 641 706 certo
664 643 829 732 apparet.
864 659 911 708 ex
942 634 1053 709 altera
1080 636 1224 730 familia,

86 753 131 824 ad
154 777 270 850 quam
294 779 377 852 pars
400 753 508 852 longe
530 754 646 827 maior
665 753 843 828 librorum
876 755 1226 856 manuscriptorum

89 873 278 971 pertinere
315 872 480 965 uidetur,
517 875 604 948 satis
640 874 833 950 habuimus
867 887 942 950 tres
975 875 1089 950 libros
1124 876 1227 951 adhi-

89 992 235 1083 buisse,
275 1017 321 1066 ne
351 993 465 1067 nimia
495 994 692 1069 lectionum
724 995 1005 1095 discrepantium
1029 997 1123 1070 mole
1145 1023 1227 1097 per-

85 1113 265 1211 spicuitas
288 1113 485 1187 tolleretur.
508 1116 640 1189 horum
664 1143 756 1190 uuus
781 1126 836 1190 est
853 1117 970 1190 codex
985 1114 1228 1206 Quedlinbur-

15 1329 16 1342 ¹
87 1233 213 1332 gensis
251 1233 394 1306 saeculo
430 1232 541 1309 VIIII
564 1236 720 1336 scriptus
758 1238 809 1334 (v.
832 1234 968 1309 Pertzii
990 1235 1101 1312 Arch.
1124 1235 1227 1329 VIII,

14 1394 15 1456 }
93 1356 204 1452 660),
240 1352 344 1426 cuius
375 1353 549 1430 lectiones
573 1355 745 1430 Tobias
767 1356 1043 1434 Eckhardus
1066 1355 1103 1429 in
1134 1356 1227 1431 libro

89 1474 139 1548 sic
176 1475 361 1574 inscripto
396 1474 617 1575 publicauit:
663 1468 827 1550 ‘Codices
864 1501 951 1550 mss.
987 1474 1229 1565 Quodlinbur-

90 1620 232 1692 genses.
260 1593 525 1695 Quedlinburgi
553 1599 661 1670 1723.
686 1593 740 1669 40’
770 1624 805 1696 p.
829 1600 876 1669 57
901 1622 980 1694 sqq.
1012 1596 1075 1670 sed
1096 1596 1228 1671 multas

91 1715 270 1789 lectiones
295 1715 339 1788 ab
363 1716 556 1790 Eekhardo
590 1717 861 1816 praetermissas
896 1741 974 1789 esse
1008 1741 1057 1788 ex
1086 1714 1228 1791 duobus
1314 1718 1318 1738 ¹

89 1835 193 1909 libris
219 1835 384 1909 eiusdem
405 1837 579 1928 familiae,
620 1863 713 1936 quos
742 1837 812 1936 ipsi
845 1834 1091 1927 excussimus,
1128 1847 1230 1911 certo

92 1955 276 2030 leonicere
297 1955 389 2029 licet.
409 1957 541 2030 horum
554 1956 644 2030 alter
667 1968 720 2030 est
741 1958 857 2030 codex
875 1955 960 2029 olim
974 1954 1228 2054 Frisingensis,

92 2102 189 2150 nunc
211 2077 442 2150 Monacensis
466 2078 542 2175 (lat.
573 2079 771 2174 116326),
804 2076 944 2150 saeculo
976 2076 1115 2149 decimo
1144 2102 1229 2151 con-

94 2197 272 2296 scriptus,
310 2197 399 2270 alter
423 2197 510 2270 olim
537 2197 777 2271 bibliothecae
804 2198 1039 2295 Augustanus
1061 2196 1228 2291 ciuitatis,

95 2344 191 2392 nunc
215 2319 307 2392 item
331 2317 557 2392 Monacensis
581 2319 660 2415 (lat.
684 2343 719 2390 n.
744 2315 863 2415 3711)
887 2341 975 2389 saec.
998 2314 1062 2388 XI.

144 2558 333 2656 Vulgatae
364 2583 472 2656 quam
504 2570 635 2630 uocant
663 2556 829 2632 lectionis
859 2555 952 2630 ratio
974 2557 1011 2630 in
1043 2556 1100 2631 his
1128 2556 1230 2631 libris

96 2690 168 2752 tam
192 2677 388 2779 peculiaris
413 2688 490 2767 est,
516 2688 653 2750 utnon
678 2677 798 2776 possit
820 2676 963 2750 silentio
992 2678 1232 2777 praetermitti

95 2825 179 2873 cum
202 2797 302 2872 enim
326 2797 639 2896 Wolfgangus
662 2796 830 2870 Larius
853 2797 941 2871 haec
963 2799 1136 2896 opuscula
1158 2799 1230 2898 pri·

98 2946 194 3010 mus,
233 2928 277 2991 ut
308 2917 377 2992 sibi
411 2917 622 3008 uidebatur,
658 2916 693 2989 iu
717 2917 834 2990 lucem
856 2917 1097 3016 protraxisset
1119 2928 1156 2992 et
1186 2919 1232 2991 ad

94 3040 231 3113 calcem
266 3036 572 3112 Pseudo-Abdiae
596 3035 787 3135 Babylonii
810 3062 857 3110 ex
881 3038 1005 3111 codice
1026 3037 1151 3111 multis
1178 3037 1232 3111 ui-

98 3159 159 3233 tiis
181 3158 375 3257 inquinato
397 3157 558 3232 Basileae
582 3184 611 3229 a.
635 3161 732 3230 1551
758 3157 951 3247 edidisset,
986 3155 1233 3232 Giselinus

100 3280 272 3378 quicum
295 3288 439 3352 secutus
462 3290 536 3368 est,
572 3304 620 3351 ex
643 3303 777 3350 nouem
800 3277 1003 3368 codicibus,
1040 3304 1132 3376 quos
1154 3277 1232 3378 ipse

101 3399 333 3490 adhibuerat,
356 3398 469 3471 multa
486 3397 633 3497 quidem
653 3398 743 3470 uitia
761 3397 984 3489 emendauit,
1006 3398 1070 3470 sed
1089 3396 1133 3470 ab
1154 3397 1233 3470 uni·

103 3546 207 3594 uerso
222 3518 394 3593 editionis
408 3517 583 3592 Lazianae
603 3517 838 3592 fundamento
853 3544 927 3590 non
941 3518 1102 3593 recessit.
1126 3529 1234 3616 atque

100 3640 152 3714 ita
173 3639 319 3714 exstitit
339 3639 446 3712 lectio
470 3639 634 3736 uulgata,
659 3664 705 3711 ex
729 3637 854 3712 codice
877 3636 1000 3711 multis
1022 3638 1163 3712 mendis
1176 3663 1233 3710 re-

103 3762 199 3860 pleto
228 3759 392 3860 profecta
425 3784 543 3857 neque
572 3769 781 3832 constanter
811 3784 858 3831 ex
888 3757 991 3832 libris
1024 3756 1233 3832 melioribus

103 3893 331 3981 perpurgata.
366 3879 471 3952 aliam
494 3878 711 3953 haberemus
735 3879 940 3977 uulgatam,
970 3878 1001 3952 si
1032 3877 1232 3952 editoribus

105 4000 307 4100 prioribus,
340 3999 377 4072 id
401 4000 500 4097 quod
522 3999 568 4073 H.
591 4001 635 4074 de
658 3998 769 4073 Prato
791 3998 929 4098 primus
957 3998 1118 4087 monuit,
1149 4023 1234 4096 cog-

108 4121 219 4196 nitum
240 4122 368 4197 fuisset
389 4123 455 4196 hos
474 4119 612 4194 libellos
634 4120 705 4193 iam
727 4119 766 4192 in
789 4119 960 4193 Bonini
981 4116 1234 4192 Membritii

108 4242 316 4317 Sanctuario
332 4242 410 4317 siue
423 4242 522 4318 Vitis
537 4243 752 4316 Sanctorum
766 4241 883 4314 editos
897 4239 1008 4311 fuisse
1029 4264 1075 4311 ex
1094 4237 1232 4337 optimo

108 4363 248 4456 codice,
281 4362 345 4462 qui
377 4365 422 4436 ad
444 4363 623 4464 ¹familiam
646 4360 870 4435 Veronensis
901 4358 1080 4459 pertinet,
1110 4385 1235 4434 recen-
