3050 4984
536 348 650 403 Chrou.
669 349 705 413 Il,
724 350 771 408 51.
1157 348 1219 414 105

82 522 161 602 quin
173 523 209 585 et
219 521 324 585 iurare
334 540 389 603 per
400 520 631 585 Priscillianum
643 541 765 586 summa
776 520 885 604 religio
897 520 1075 603 putabatur.
1092 520 1126 584 et
1140 520 1223 584 iuter

81 626 212 689 nostros
227 626 415 706 perpetuum
430 624 651 689 discordiarum
668 624 784 689 bollum
798 626 966 701 exarserat,
989 623 1070 705 quod
1090 623 1154 687 iam
1168 642 1224 706 per

80 726 269 809 quindecim
304 745 398 791 annos
432 726 530 791 toedis
565 727 804 792 dissensionibus
834 727 989 811 agitatum
1017 726 1102 791 nullo
1131 726 1222 791 modo

79 830 180 912 sopiri
214 831 348 911 poteret.
372 830 404 893 ot
432 849 527 907 nunc,
556 850 628 895 oum
656 830 792 895 maxime
821 829 981 895 discordiis
1011 829 1222 911 episcopomm
1255 836 1274 890 9

55 933 197 997 sononia
214 932 338 996 turbari
360 950 396 995 ac
414 931 537 998 misceri
557 936 751 998 demerentur
766 934 934 1013 cunctaque
949 951 1003 1015 per
1019 950 1068 995 eos
1083 931 1152 995 odio
1168 932 1222 995 aut

75 1036 211 1119 gratia,
236 1037 341 1112 metu,
363 1034 583 1113 inconstantia,
598 1036 731 1113 inuidia,
747 1034 895 1113 faotione,
911 1035 1056 1112 libidine,
1078 1033 1221 1110 auaritia,

74 1138 289 1221 arrogantia,
313 1156 433 1215 somno,
456 1138 574 1203 dosidis
597 1139 781 1221 deprauata,
803 1139 957 1221 postremo
983 1136 1085 1219 plures
1112 1136 1273 1203 adum-10

74 1262 149 1306 sum
164 1260 293 1324 paucos
310 1243 383 1304 bone
398 1240 588 1306 consulentes
602 1241 718 1306 insanis
734 1241 868 1305 consiliis
887 1243 919 1305 ot
933 1238 1142 1323 pertinacibus
1154 1240 1221 1303 stu-

73 1345 136 1409 diis
162 1343 352 1408 certabant:
386 1344 467 1408 inter
493 1344 569 1409 haec
590 1344 677 1427 plebs
698 1345 758 1409 Dei
781 1346 812 1409 et
835 1344 970 1427 optimus
992 1362 1071 1407 unus
1093 1342 1222 1424 quisque

43 1484 66 1521 10
73 1448 198 1532 probro
216 1449 314 1527 atque
328 1446 463 1511 ludibrio
477 1429 658 1512 hebebatur.

126 1688 208 1742 lat
230 1686 274 1752 P,
292 1686 405 1740 alconi.
418 1685 565 1739 dePrato:
584 1686 642 1739 acb
713 1686 817 1742 3fodis
830 1686 1036 1740 dissentionibus
1061 1686 1089 1739 P
1155 1684 1220 1741 let

73 1776 142 1825 tunc
166 1772 209 1825 de
222 1771 317 1824 Proto
380 1770 505 1829 bomnia
517 1787 564 1825 om.
585 1772 625 1838 P,
640 1778 704 1839 post
721 1771 827 1825 misceri
846 1772 927 1826 babet
947 1772 962 1825 b
984 1773 996 1840 ΙΙ
1020 1787 1049 1825 ao
1071 1770 1219 1837 doProto:

71 1862 121 1911 aut
144 1859 198 1912 Pb
277 1856 403 1912 lsomuo
429 1857 504 1910 dcem
524 1858 556 1910 ia
577 1856 636 1910 edd.
660 1857 846 1924 compluribus
869 1859 880 1925 ΙΙ
904 1857 1050 1926 deprauata
1067 1858 1106 1911 P:
1125 1858 1215 1910 essent

71 1944 275 2014 deprauatab
329 1941 637 2012 9optimusquisqueb
691 1942 729 1998 10
746 1944 982 2011 Pscbsca'poioae
995 1949 1075 1998 caret.
