3050 4984
245 395 289 460 50
652 381 797 437 Minucii
815 378 942 434 Felicis

192 552 234 614 35
287 547 328 611 ut
353 548 458 610 tamen
483 542 685 607 admonentur
709 537 848 602 homines
873 529 1122 598 doctissimorum
1135 524 1225 591 libris
1249 524 1281 588 et
1302 539 1371 585 car·

245 646 381 714 minibus
406 647 567 730 poctamm
595 642 682 707 illius
711 639 796 725 ignei
821 636 959 702 fluminis
995 635 1026 698 et
1053 633 1090 697 de
1116 628 1226 713 Stygia
1255 623 1367 707 palude

244 752 366 833 saepius
381 748 547 815 ambientis
561 746 687 823 ardoris,
703 762 782 826 quae
795 740 984 806 cruciatibus
998 734 1130 803 aeternis
1144 729 1324 814 praeparata
1338 727 1372 791 et

245 855 429 919 daemonum
461 850 584 915 indiciis
611 855 640 913 et
671 847 708 912 de
740 844 871 910 oraculis
898 840 1088 926 profetarum
1119 834 1243 919 cognita
1271 830 1371 895 tradi·

215 957 365 1023 sdsrrmt.
396 957 428 1020 et
454 954 521 1019 ideo
547 952 629 1034 apud
651 968 701 1015 eos
727 950 823 1015 etiam
844 947 911 1029 ipse
930 964 983 1010 rer
997 941 1138 1025 Iuppiter
1151 958 1205 1021 por
1220 934 1372 1001 torrentes
1394 955 1408 994 s

245 1062 327 1144 ripas
347 1061 380 1124 et
400 1060 501 1123 atram
521 1056 701 1139 uoraginem
715 1053 799 1117 iurat
821 1049 978 1135 religiose:
1008 1045 1197 1111 destinatam
1211 1040 1294 1106 enim
1309 1036 1372 1102 sibi

215 1178 234 1231 3
247 1182 317 1227 cum
332 1162 396 1227 suis
411 1159 581 1225 cultoribus
595 1176 724 1241 poenam
738 1153 892 1237 praescius
906 1148 1118 1233 perhorrescit.
1138 1164 1195 1211 nec
1208 1140 1372 1208 tormentis

246 1269 302 1331 ant
316 1264 425 1329 modus
438 1263 521 1327 ullus
540 1263 595 1327 aut
614 1260 775 1325 terminus.
797 1257 865 1321 illic
879 1254 1000 1337 sepiem
1013 1252 1095 1336 ignis
1109 1248 1250 1314 membra
1263 1244 1327 1310 urit
1341 1244 1374 1308 et

245 1369 353 1447 reficit,
369 1367 469 1451 carpit
483 1368 515 1431 et
528 1367 586 1430 nut
604 1365 636 1429 ·t.
654 1364 735 1430 sicut
749 1364 837 1447 ignes
852 1359 1020 1425 fulminum
1035 1373 1160 1437 corpora
1171 1349 1306 1435 tangunt
1316 1364 1373 1411 nec

245 1472 428 1548 absumunt,
454 1470 534 1535 sicut
550 1469 636 1553 ignes
647 1466 777 1531 Aetnaei
788 1464 902 1529 montis
916 1463 948 1527 et
956 1458 1074 1525 Vesuui
1088 1455 1202 1521 montis
1216 1454 1247 1517 et
1261 1451 1412 1516 arden-1⁰

245 1575 327 1640 tium
349 1574 461 1655 ubique
486 1574 639 1637 terrarum
660 1569 793 1653 flagrant
811 1585 868 1631 neo
882 1564 1062 1648 erogantur:
1093 1561 1138 1625 ita
1151 1556 1277 1640 poenale
1291 1551 1375 1617 illud

246 1676 423 1742 incendium
437 1694 497 1740 non
511 1675 632 1739 damnis
647 1671 824 1738 ardentium
844 1668 990 1752 pascitur,
1006 1664 1061 1730 sed
1076 1665 1199 1729 inexesa
1212 1675 1374 1740 corporum

218 1779 430 1845 slaceratioue
460 1777 605 1841 nutritur.
644 1792 693 1841 eos
723 1775 827 1839 autem
865 1772 976 1837 merito
1005 1766 1158 1850 torqueri,
1188 1763 1242 1846 qui
1270 1761 1374 1825 Deum

247 1883 396 1959 nesciunt,
412 1881 448 1944 ut
460 1880 582 1961 impios,
598 1879 633 1942 ut
644 1878 786 1956 iniustos
802 1876 863 1941 nisi
873 1876 1016 1957 protenus
1027 1888 1117 1937 nemo
1128 1866 1287 1940 deliberat,
1301 1892 1374 1939 cum

247 1986 406 2069 parentem
420 1983 560 2048 omnium
575 1982 607 2047 et
621 1982 759 2045 omnium
780 1980 941 2045 dominum
954 1997 1015 2044 non
1034 1979 1163 2043 minoris
1185 1977 1309 2043 sceleris
1331 1978 1412 2043 sitne

218 2091 388 2174 signorum
409 2104 502 2169 quem
521 2085 650 2150 laedere.
681 2085 712 2149 et
737 2103 925 2166 quamquam
945 2083 1091 2165 inperitia
1103 2084 1161 2148 Dei
1184 2084 1319 2152 sufficiat
1334 2088 1376 2152 ad

247 2208 386 2274 poenum
401 2190 448 2254 ita
462 2189 498 2253 nt
511 2187 624 2253 notitia
637 2188 735 2270 prosit
749 2187 789 2252 ad
804 2187 935 2263 ueniam,
951 2189 1055 2253 tamen
1070 2188 1097 2253 si
1112 2189 1272 2254 uobiscum
1283 2188 1376 2253 cbri-

246 2294 343 2360 stieni
358 2310 578 2374 comparemur,
601 2290 744 2372 quamuis
759 2290 793 2354 in
806 2291 961 2355 nonnullis
977 2291 1141 2373 disciplina
1153 2295 1259 2357 nostra
1273 2292 1376 2356 minor

221 2399 305 2480 eost,
319 2396 419 2462 multo
434 2396 538 2459 temen
552 2392 641 2459 uobis
660 2393 802 2458 meliores
818 2393 1085 2475 deprehendemur.
1116 2412 1171 2459 nos
1186 2394 1269 2460 enim
1284 2395 1376 2459 adul-

249 2500 328 2565 teria
349 2497 516 2581 prohibetis
538 2499 570 2561 et
595 2496 713 2575 facitis,
743 2516 799 2561 nos
812 2497 957 2561 uxoribus
978 2498 1092 2562 nostris
1107 2497 1298 2562 solummodo
1312 2497 1414 2561 nino

250 2604 421 2669 nascimur:
443 2618 498 2664 uos
514 2600 628 2665 scelera
642 2599 777 2664 admissa
791 2600 918 2680 punitis,
940 2600 1021 2682 apud
1035 2618 1091 2665 nos
1105 2601 1136 2664 et
1151 2601 1288 2685 cogitare
1302 2618 1376 2682 pec-

250 2724 318 2770 care
332 2705 393 2769 est:
409 2720 464 2767 nos
479 2701 613 2767 conscios
627 2702 757 2779 timetis,
774 2720 829 2766 uos
844 2702 939 2767 etiem
954 2703 1170 2767 conscientiam
1185 2704 1292 2783 solam,
1308 2704 1376 2767 sinc

252 2827 312 2889 qua
331 2825 396 2873 esse
415 2824 476 2869 non
495 2822 675 2887 possumus:
698 2804 828 2886 donique
848 2805 886 2869 de
907 2805 1011 2870 nestro
1032 2824 1159 2871 numero
1174 2824 1276 2872 carcer
1288 2824 1378 2872 erae-

253 2911 348 2987 siuat,
374 2908 566 2973 Christianus
593 2907 639 2972 ibi
667 2907 771 2972 nullus
790 2908 851 2972 nisi
875 2910 930 2973 aut
951 2927 1021 2973 reus
1042 2928 1115 2975 suae
1140 2910 1298 2995 roligionis
1321 2911 1380 2975 aut

252 3011 410 3097 profugus.
1386 3032 1415 3075 ss

202 3122 244 3186 31
294 3116 360 3181 Noc
374 3115 411 3179 de
425 3115 490 3180 feto
504 3115 667 3197 quisquam
680 3114 736 3179 aut
746 3111 895 3179 solacium
902 3115 1004 3196 captet
1018 3117 1073 3181 aut
1083 3118 1206 3183 excuset
1215 3119 1377 3183 euentum:

254 3219 297 3284 sit
311 3236 375 3283 sors
390 3218 545 3296 fortunae,
568 3236 655 3282 mens
670 3218 774 3281 tamen
788 3217 886 3282 libera
900 3219 957 3295 est,
980 3218 1012 3282 et
1033 3218 1101 3283 ideo
1123 3222 1211 3286 actus
1231 3221 1377 3301 hominis,

306 3408 322 3460 1
334 3404 471 3460 hominum
480 3404 609 3459 Gelenius
625 3406 637 3472 ΙΙ
654 3404 732 3458 libris
743 3421 760 3458 r
769 3423 778 3457 r
799 3404 860 3458 liris
870 3404 898 3458 P
952 3406 970 3461 2
982 3405 1014 3459 de
1031 3406 1127 3476 Stygia
1143 3406 1240 3476 palude
1257 3412 1290 3461 nt
1308 3408 1380 3477 pioe-

251 3510 328 3549 semn
337 3498 491 3561 suspectam
501 3490 619 3544 Donbro
670 3490 689 3547 3
701 3490 807 3560 saepius
819 3490 962 3544 ambientis
975 3491 1088 3562 ardoris]
1103 3494 1143 3547 or'c
1151 3494 1186 3562 P,
1198 3508 1281 3562 mmm
1291 3494 1381 3562 scrip-

252 3587 348 3634 tnram
367 3583 484 3633 tuentur
502 3578 666 3645 interpretes
686 3578 744 3631 coil.
762 3578 840 3647 Vero.
859 3578 928 3632 Aen.
943 3581 969 3645 6,
992 3582 1048 3633 439
1059 3579 1151 3633 nonies
1163 3568 1229 3650 Styr
1240 3581 1381 3646 interfusa,

253 3666 305 3721 nbi
317 3665 447 3721 Serretes:
463 3678 558 3717 nouem
569 3663 663 3717 circuli
675 3662 768 3733 Stygis
779 3662 891 3728 inferos,
909 3663 939 3717 id
955 3666 997 3717 est
1016 3666 1116 3719 terram
1134 3666 1261 3735 cingunt3
1278 3667 1383 3722 Vrener

253 3752 388 3807 ennon:
412 3750 488 3803 illius
500 3749 517 3802 i.
531 3748 648 3802 fluminis
660 3750 688 3802 ot
700 3749 729 3803 in
739 3748 827 3818 inpios
844 3750 989 3804 saeuientis
1010 3750 1113 3805 ardoris
1164 3752 1309 3808 Aiudiciis
1321 3755 1350 3808 P

253 3839 275 3895 6
294 3836 429 3891 destinae
441 3836 469 3889 P
520 3834 538 3891 8
555 3834 661 3903 rapiens
673 3834 830 3903 Menror'ns5
854 3841 885 3889 ct
895 3853 922 3889 n.
935 3836 1089 3905 Ripaltinn
1100 3843 1127 3891 et
1138 3838 1209 3892 locos
1219 3839 1254 3892 ob
1266 3838 1383 3894 Etruse-

254 3924 359 3977 boretto
371 3922 481 3977 collatos
534 3919 572 3977 10
582 3920 696 3973 Aetnaei
711 3920 821 3975 Oeider:
835 3921 931 3974 hennei
943 3922 977 3986 P,
989 3922 1091 3975 Aetnae
1103 3938 1119 3975 r
1138 3923 1151 3991 ΙΙ
1170 3924 1269 3977 montis
1281 3924 1383 3981 mnne

263 4010 393 4077 Vrsinus,
416 4012 531 4075 ntroqne
543 4006 599 4060 loco
615 4006 755 4060 Woroerno
774 4007 787 4074 ΙΙ
805 4006 874 4060 lesui
886 4007 926 4071 P,
938 4008 1050 4062 Vesuuii
1062 4025 1078 4061 r
1131 4009 1168 4065 12
1185 4009 1309 4064 incrassa
1321 4013 1349 4065 P

260 4095 295 4153 15
312 4093 573 4149 minorisnsceleris
586 4093 613 4146 P
681 4092 715 4149 16
733 4092 820 4147 ledere
833 4093 861 4146 P
933 4092 970 4151 18
989 4094 1047 4148 inor
1059 4095 1094 4162 P,
1112 4094 1161 4149 sed
1172 4095 1271 4150 addita
1291 4113 1318 4150 m
1329 4114 1351 4151 s.
1364 4099 1382 4152 l.

252 4180 350 4249 prima
359 4178 401 4248 (2)
410 4196 497 4234 monn
543 4178 582 4235 20
593 4176 726 4233 solumodo
737 4178 777 4231 Ρ1
822 4178 857 4234 21
870 4179 1003 4233 noscimur
1014 4180 1169 4248 Wowerne;
1181 4187 1212 4235 nt
1223 4198 1250 4236 rr.
1267 4183 1382 4238 Terteli.

258 4265 339 4332 Apol.
351 4256 584 4320 ddr'Christienus
595 4264 670 4318 uxori
683 4279 745 4317 snae
762 4263 813 4317 soli
824 4264 957 4318 masculus
969 4265 1089 4319 nascitur
1141 4267 1179 4323 27
1192 4283 1248 4320 sors
1259 4267 1383 4322 fortunae

259 4350 428 4405 Heumann:
456 4351 536 4403 sortis
552 4350 674 4405 fortunae
686 4351 739 4415 Pr,
758 4350 839 4404 sortis
860 4348 966 4404 fortune
986 4350 1127 4416 Lindner,
1146 4351 1236 4407 Fortis
1248 4352 1383 4408 Fortunae
