3050 4984
291 348 358 402 VIII

290 532 325 605 p.
347 510 368 580 6
391 505 636 605 propositum:
660 531 737 580 eum
756 518 875 581 nestra
893 503 1066 604 Hippone
1083 505 1142 581 uel
1158 505 1310 603 llponu3
1334 530 1422 577 narn

195 722 198 730 Ι
289 624 487 724 Rigaltium
511 652 636 700 uerum
674 625 809 700 uidisse
844 626 950 700 docet
977 625 1077 701 locus
1109 625 1306 700 consimilis
1329 626 1423 699 Ter·

289 745 429 819 tulliani
463 747 499 818 in
530 746 685 845 Apolog.
711 772 739 820 c.
762 750 826 819 162
868 771 933 822 uos
960 760 1074 822 lernen
1096 770 1167 821 non
1188 747 1364 846 nepnbitis
1387 758 1426 820 et

289 865 445 940 iumenta
468 865 589 940 nennio
612 878 643 939 et
672 878 758 941 totos
787 867 984 941 cantherios
1006 892 1084 941 curn
1105 892 1174 940 sun
1196 866 1326 964 Epona
1349 865 1421 939 coli

289 1010 313 1058 u
335 985 445 1059 nobis.
487 985 687 1060 necessario
724 998 842 1060 autern
879 987 1129 1087 supplemento
1163 998 1309 1086 accepto
1345 985 1418 1059 iam

287 1104 375 1179 haec
397 1116 453 1179 est
468 1105 653 1215 'sententia
686 1106 722 1179 in
759 1107 907 1181 Minucii
941 1108 1039 1182 loco:
1075 1107 1144 1180 nisi
1168 1107 1266 1205 quod
1291 1132 1355 1180 uos
1378 1116 1419 1181 et

285 1234 383 1299 totos
406 1224 526 1301 asinos
549 1226 586 1299 in
613 1225 762 1301 stabulis
786 1252 867 1301 oum
891 1238 1011 1301 uestra
1033 1228 1072 1325 (i.
1092 1252 1121 1302 e.
1141 1228 1206 1301 dea
1225 1254 1332 1326 quam
1353 1252 1420 1303 co·

284 1344 357 1419 lere
382 1372 446 1420 uos
469 1373 542 1420 non
565 1347 694 1447 pudet)
726 1347 784 1421 uel
806 1374 870 1421 sua
891 1347 1018 1447 Epona
1049 1347 1090 1445 (i.
1114 1372 1141 1421 e.
1167 1346 1244 1421 siue
1265 1346 1325 1420 illa
1347 1374 1419 1446 po·

284 1465 358 1539 tius
382 1466 463 1559 dea,
506 1492 596 1565 quae
626 1467 670 1539 ad
695 1466 877 1540 asinorum
910 1467 1049 1542 stabula
1077 1467 1251 1567 pertinet)
1287 1492 1419 1541 conse·

285 1586 404 1661 cratis.

338 1705 424 1806 Cap.
446 1711 479 1799 6,
506 1712 524 1781 l
549 1708 636 1782 haec
657 1708 828 1806 leguntur
849 1708 886 1781 in
909 1708 1051 1783 codice:
1097 1705 1185 1783 Cum
1208 1708 1319 1807 ipitnr
1350 1720 1419 1782 aut

274 1829 429 1925 fortune
448 1838 540 1901 eertu
560 1838 624 1901 aut
641 1828 773 1902 incerte
789 1841 922 1903 nutura
940 1829 996 1918 sit,
1020 1840 1153 1927 quanto
1171 1827 1416 1901 uenerabilius

284 1971 327 2022 ac
347 1946 473 2022 melius
496 1947 666 2021 antistites
688 1948 850 2021 ueritatis
872 1949 1047 2023 maiorum
1070 1948 1224 2046 eseipe-re
1251 1946 1417 2044 diseepli·

282 2091 383 2160 nom,
407 2065 594 2165 relipiones
617 2067 769 2141 traditas
792 2067 901 2142 colere
923 2080 989 2143 etc.
1012 2068 1050 2141 in
1067 2067 1124 2141 his
1144 2067 1263 2141 uerbis
1281 2066 1416 2141 Dom-

281 2187 446 2260 bartus
470 2198 574 2261 uetus
599 2186 726 2260 uitium
765 2187 926 2280 sanauit,
963 2189 1025 2287 qui
1059 2188 1198 2289 primus
1228 2187 1414 2262 intellexit

280 2307 464 2381 fortunam
488 2332 560 2380 non
583 2306 745 2405 potuisse
780 2319 944 2382 certam
981 2308 1170 2382 nominari.
1206 2308 1276 2381 hoc
1311 2308 1412 2381 enirn

279 2425 466 2527 epitheton
489 2451 572 2500 curn
595 2428 742 2502 omnino
765 2427 920 2502 alienum
943 2439 1000 2502 est
1027 2456 1047 2501 a
1068 2429 1214 2501 fortuna
1235 2426 1411 2518 instabili,

278 2558 357 2621 tum
376 2546 599 2621 contrarium
616 2547 734 2621 uerbis
750 2549 916 2646 proxime
931 2547 1225 2622 antecedentibus
1240 2550 1291 2647 (p.
1303 2552 1337 2638 9,
1349 2549 1411 2645 5):

279 2667 368 2741 odeo
404 2678 468 2741 aut
502 2666 636 2740 incerta
669 2668 771 2741 nobis
799 2668 932 2743 ueritus
956 2666 1152 2743 occultetur
1174 2681 1204 2742 et
1219 2669 1409 2765 premitur⁷

279 2799 361 2880 ont,
380 2786 476 2884 qeeod
496 2786 614 2885 inopis
631 2787 842 2861 eredendum
865 2800 933 2879 est,
958 2788 1074 2862 uariis
1096 2800 1127 2862 et
1150 2786 1295 2862 lubricis
1313 2787 1412 2862 cusi·

278 2902 343 2977 bus
374 2902 525 2978 solnta
548 2903 724 3002 leqibus
746 2906 901 3003 fortune
919 2907 1137 2996 'dominatura
1171 2933 1264 3005 quae
1286 2919 1408 2981 autem

277 3022 468 3122 appellatio
497 3024 671 3098 conuenit
705 3025 844 3099 solutae
878 3025 1018 3125 legibus
1054 3027 1247 3101 fortunae?
1270 3052 1409 3119 coeeue⁷

276 3142 424 3243 opinor,
442 3154 484 3217 ut
503 3144 639 3244 optime
658 3145 819 3220 correxit
833 3145 1067 3221 Dombartus.
1086 3148 1124 3220 in
1146 3146 1264 3221 uerbis
1283 3160 1404 3221 autern

277 3289 368 3361 quae
391 3263 513 3339 statim
538 3276 742 3363 sequuntur
765 3267 967 3340 notandum
996 3277 1051 3341 est
1085 3266 1275 3342 lectionem
1313 3269 1412 3341 unti-

274 3384 370 3458 stites
387 3384 566 3477 ueritatis,
590 3384 755 3483 quamuis
787 3411 867 3459 eam
900 3410 1009 3459 sensu
1036 3412 1157 3461 carere
1173 3386 1404 3462 manifestum

275 3504 342 3595 sit,
366 3504 403 3576 in
427 3503 636 3579 nouissimis
658 3504 803 3579 Octauii
826 3505 1003 3606 exemplis
1026 3507 1145 3580 adhuc
1168 3506 1408 3599 circumferri.

274 3623 377 3699 cuius
408 3624 487 3699 loco
516 3624 587 3697 iam
623 3625 648 3698 J
656 3651 827 3700 oannes
862 3653 882 3699 a
917 3625 1088 3702 Wower
1122 3626 1214 3701 bene
1245 3628 1409 3702 correxit

273 3745 462 3819 antistitem
497 3745 667 3821 ueritatis.
705 3748 884 3821 sententia
906 3758 979 3822 est:
1022 3758 1158 3847 quanto
1189 3748 1317 3823 melius
1349 3761 1411 3824 est-

273 3864 451 3939 maiorum
474 3864 698 3965 disciplinam
721 3867 888 3967 excipere
911 3867 1013 3967 quasi
1041 3867 1245 3968 principem
1274 3880 1311 3943 et
1340 3868 1406 3942 ob·

269 3984 384 4059 sidem
421 3985 785 4062 ueritatis—Paulo
807 4000 892 4088 post
927 4014 956 4063 c.
982 3992 1066 4082 6,1
1106 3988 1215 4088 uulgo
1247 3989 1410 4088 legiturt

266 4102 355 4180 inde
374 4106 461 4180 adeo
480 4132 546 4203 per
568 4108 737 4181 uniuersa
761 4109 946 4205 imperio..
971 4109 1135 4184 uidemus
1155 4109 1320 4209 sinqnlos
1341 4136 1400 4184 sa·

271 4249 410 4301 crorum
432 4227 522 4302 ritus
541 4226 689 4325 pentiles
712 4228 838 4303 labne
870 4242 901 4303 et
930 4231 1012 4304 deos
1046 4229 1159 4304 celere
1193 4231 1405 4329 municipes,
