3050 4984
288 320 329 385 76
696 319 842 388 Sulpicii
869 318 982 374 Seueri

287 473 473 556 praesidium
494 474 556 539 arci
577 473 733 557 imposuit.
755 475 825 539 iuda
845 493 961 539 sacram
981 474 1082 557 legem
1097 473 1232 537 euertere
1247 484 1412 551 aggressus

288 577 391 640 mittit
415 577 565 654 edictum,
587 580 624 641 ut
644 596 748 642 omnes
769 578 885 641 relictis
905 577 1055 641 maiorum
1076 572 1293 639 traditionibus
1308 569 1412 653 genti-

258 679 367 743 8lium
381 680 445 743 ritu
460 680 611 744 uiuerent.
634 698 689 744 nec
703 680 825 745 defuere
840 680 894 761 qui
908 678 1031 762 profano
1051 677 1179 760 imperio
1199 675 1335 739 uolentes
1355 691 1412 755 pa-

288 784 398 846 rerent.
415 784 484 845 tum
499 800 570 846 uero
587 781 711 847 foedum
726 783 949 865 spectaculum:
965 802 1018 864 per
1032 781 1189 845 uniuersas
1203 777 1292 841 urbes
1306 774 1414 859 palam

235 954 240 972 .
290 884 323 948 in
343 885 454 967 plateis
474 885 638 964 litabatur,
668 904 753 950 sacra
775 885 869 949 etiam
884 885 961 967 legis
977 886 1008 949 ot
1022 883 1239 966 prophetarum
1252 878 1414 943 uolumina
1440 896 1458 935 a

290 987 356 1071 igni
371 990 515 1051 cremata.

237 1092 278 1155 20
331 1091 377 1153 lla
391 1092 579 1172 tempestate
593 1090 813 1169 Matthathias,
836 1090 978 1154 Iohannis
992 1089 1089 1167 filius,
1112 1086 1249 1151 sacerdos
1264 1086 1338 1149 erat.
1360 1082 1414 1147 hic

292 1211 361 1256 cum
376 1212 395 1256 a
410 1193 505 1275 regiis
521 1196 680 1276 cogeretur
699 1194 798 1258 edicto
819 1212 938 1276 parere,
962 1192 1086 1275 egregia
1102 1187 1273 1254 constantia
1286 1185 1416 1270 profana

290 1297 494 1374 contemnens,
510 1296 685 1361 Hebraeum
700 1296 822 1379 publice
836 1296 1046 1378 profanantem
1060 1294 1093 1357 111
1107 1311 1158 1357 oro
1172 1291 1309 1356 omnium
1319 1290 1415 1371 ingu-

260 1396 377 1464 2lauit.
408 1400 476 1462 tum
500 1399 625 1463 demum
645 1401 765 1481 reperto
786 1400 862 1464 duce
881 1399 963 1463 facta
982 1397 1108 1461 secessio
1129 1397 1184 1460 est.
1207 1390 1460 1457 Matthathiasru

290 1500 401 1582 oppido
428 1519 581 1584 egressus,
615 1502 725 1565 multis
751 1503 886 1566 adeum
912 1500 1147 1576 confluentibus,
1180 1496 1312 1580 speciem
1336 1493 1416 1558 iusti

290 1604 440 1668 exercitus
461 1604 617 1669 effecerat:
641 1605 710 1685 quis
733 1604 874 1669 omnibus
894 1604 1081 1667 destinatum
1102 1603 1167 1665 erat
1182 1601 1327 1664 aduersus
1341 1614 1415 1680 pro-

290 1705 396 1770 fanum
411 1707 575 1789 imperium
590 1725 622 1770 se
636 1707 730 1771 armis
744 1707 840 1783 tueri,
864 1709 896 1770 et
916 1706 967 1771 nel
986 1706 1018 1769 111
1032 1705 1113 1769 ballo
1128 1702 1304 1767 occumbere
1319 1718 1416 1781 quam

261 1808 402 1890 simpiae
417 1809 597 1873 cerimonias
617 1828 761 1873 exercere.
785 1810 902 1873 interea
922 1808 1093 1873 Antiochus
1113 1826 1167 1890 por
1187 1804 1317 1869 Graecas
1337 1819 1414 1883 quo-

290 1930 350 1991 que
369 1911 475 1987 urbes,
499 1930 576 1991 quae
596 1911 628 1975 in
648 1911 733 1974 illius
754 1912 882 1993 imperio
897 1912 997 1989 erant,
1020 1912 1155 1992 repertos
1168 1908 1298 1992 ludaeos
1318 1905 1456 1969 sacri-1⁵

260 2012 382 2077 4ficare
397 2013 526 2095 cogebat
540 2014 747 2095 inauditisque
761 2014 947 2078 cruciatibus
962 2014 1147 2078 reluctantes
1168 2010 1330 2075 afficiebat.
1353 2026 1415 2089 qua

290 2117 475 2197 tempestate
497 2115 628 2180 illustris
650 2116 705 2180 illa
725 2117 825 2199 passio
848 2118 965 2199 septem
993 2115 1124 2180 fratrum
1145 2113 1313 2193 matrisque
1334 2110 1413 2174 fuit:

289 2218 343 2299 qui
357 2236 476 2296 omues,
503 2238 573 2283 cum
588 2220 688 2303 legem
703 2220 776 2298 Dei,
800 2220 945 2284 instituta
958 2220 1110 2283 maiorum
1125 2217 1239 2281 uiolare
1254 2213 1414 2297 suppliciis

289 2323 482 2405 cogerentur,
517 2322 596 2386 mori
621 2323 804 2387 maluenmt.
834 2323 876 2386 ad
902 2324 1074 2387 extremum
1104 2338 1213 2403 poenas
1238 2318 1413 2397 mortesque

290 2442 395 2488 eorum
409 2424 556 2488 comitata
569 2427 738 2489 materest.
1421 2440 1453 2481 aa

238 2534 277 2597 21
332 2527 453 2590 Interea
467 2527 672 2591 Matthathias
687 2528 834 2591 moritur:
855 2527 1005 2591 uicarium
1027 2526 1187 2603 exercitui,
1210 2545 1301 2607 quem
1321 2543 1413 2607 para-

289 2631 377 2693 uerat
403 2630 527 2705 ducem,
550 2630 667 2693 'Iudam
692 2630 793 2692 filium
819 2629 989 2693 substituit.
1012 2630 1104 2693 huius
1130 2630 1225 2693 ductu
1250 2629 1414 2692 aduersum

262 2731 390 2813 eregios
415 2730 625 2811 frequentibus
650 2731 774 2812 proeliis
799 2750 940 2813 prospere
965 2734 1145 2815 pugnatum.
1179 2750 1252 2795 nam
1276 2730 1414 2813 primum

291 2833 490 2913 Apollonium
517 2833 625 2897 ducem
650 2835 802 2911 hostium,
836 2835 889 2916 qui
914 2835 1035 2918 maguis
1061 2836 1154 2917 copiis
1180 2835 1213 2899 in
1238 2832 1414 2897 conflictum

291 2936 502 3014 descenderat,
530 2954 600 3000 cum
627 2937 710 3000 omni
730 2938 864 3002 exercitu
883 2938 1007 3003 deleuit.
1031 2938 1202 3018 quodcum
1228 2936 1321 3002 Seron
1343 2937 1413 3017 qui-
1423 2962 1452 3003 11

292 3040 378 3117 dam,
402 3038 540 3120 quitum
558 3038 663 3123 Syriae
677 3042 830 3125 praeerat,
854 3040 1063 3121 comperisset,
1086 3040 1302 3123 multiplicatis
1316 3040 1414 3123 legio-

293 3141 383 3205 nibus
409 3142 519 3206 Iudam
545 3162 721 3225 aggressus
744 3143 827 3207 feror
848 3143 920 3224 quia
939 3160 1064 3207 numero
1091 3142 1280 3225 praestabat,
1303 3143 1357 3207 ubi
1382 3144 1415 3207 in

292 3262 423 3324 aequum
444 3246 635 3323 descensum,
659 3246 745 3309 fusus
766 3265 800 3310 ac
820 3245 961 3329 fugatus,
983 3245 1167 3329 octingentis
1182 3245 1279 3309 ferme
1293 3246 1415 3310 amissis

264 3340 325 3412 3111
346 3346 467 3429 Syriam
488 3366 642 3431 regressus
663 3351 718 3412 est.
743 3348 776 3413 id
806 3348 861 3412 ubi
892 3350 1082 3431 compertum
1108 3348 1155 3411 est
1180 3347 1347 3427 Antiocho,
1369 3348 1416 3413 111

397 3569 543 3624 11111111.
564 3572 588 3634 1,
608 3570 645 3629 35
664 3586 719 3638 sqq.
756 3570 904 3625 YIMacc.
924 3569 950 3624 2.
988 3568 1025 3625 16
1043 3568 1071 3621 Π
1088 3569 1169 3621 Maec.
1189 3568 1214 3624 7.
1251 3568 1413 3625 22ΙΜ111.

293 3658 313 3714 3
331 3673 387 3725 sqq.

345 3847 363 3901 2
381 3845 511 3898 maiorum
523 3846 562 3898 P:
580 3846 709 3898 maiorum
722 3862 828 3898 suorum
840 3846 855 3899 b
902 3844 927 3900 ,4
944 3844 1033 3897 fedum
1043 3846 1070 3897 P
1085 3846 1097 3912 {l
1113 3844 1265 3897 uniuersam
1276 3843 1369 3897 urbem
1380 3844 1414 3907 P,

293 3948 341 3985 ero.
355 3932 489 3985 chrato
552 3930 719 3989 5litabatur
731 3933 770 3984 P:
789 3932 841 3984 diis
853 3930 1012 3985 litabaturb
1074 3928 1289 3985 Ymatthathias
1302 3930 1340 3981 P:
1358 3928 1415 3981 Ma·

294 4018 416 4071 thathias
428 4018 458 4083 b,
477 4023 504 4070 ct
514 4018 553 4071 sic
565 4018 646 4083 infra
698 4017 735 4072 12
753 4017 856 4084 queisb
911 4016 947 4072 13
965 4018 993 4069 et
1010 4015 1053 4068 uel
1071 4015 1101 4069 iu
1114 4015 1185 4069 bello
1197 4016 1235 4067 P:
1254 4016 1282 4067 et
1299 4014 1328 4067 in
1345 4014 1415 4068 bello

294 4104 383 4170 potius
404 4104 419 4155 b
438 4104 557 4170 (errauit
577 4102 611 4157 dc
631 4103 718 4155 Proto
739 4103 773 4155 de
794 4104 832 4169 P)
898 4102 935 4157 14
957 4099 1114 4154 nantiochus
1136 4101 1163 4154 P
1227 4100 1263 4156 18
1281 4100 1332 4153 Dei
1351 4101 1414 4155 etb

346 4189 384 4243 22
402 4189 555 4241 aduersusb
619 4187 657 4243 27
675 4188 739 4254 quia
757 4188 785 4240 P
801 4187 1072 4255 (perrumpendum)
1091 4186 1188 4239 oddo'to
1205 4186 1297 4239 codem
1313 4202 1346 4239 m.
1359 4186 1414 4255 aql-

296 4274 359 4327 lcba
371 4275 400 4325 ta
411 4290 431 4326 a.
445 4274 461 4326 l.
514 4273 553 4329 28
570 4274 599 4326 in
612 4289 723 4340 aequum
736 4274 774 4327 P:
793 4274 994 4325 incantamenta
