3050 4984
498 377 611 434 (ibren.
630 379 652 444 1,
671 378 792 438 39-41.
959 373 964 381 ’
1168 381 1214 448 43

59 534 230 617 templum
244 535 327 600 illud
342 533 406 599 solo
421 533 621 617 aequandum.
638 535 719 618 quod
733 519 931 618 iampridem
945 535 1110 618 impletum
1124 535 1211 600 uide-

61 657 148 716 mus,
162 639 198 702 et
214 656 290 703 mox
305 654 452 703 oonexum
465 656 565 702 rerum
582 638 720 704 ordinem
734 656 926 720 exponemus.
942 639 1058 704 interea
1069 638 1244 706 Salomon4

61 741 180 806 florens
203 741 334 824 opibus,
356 741 495 806 omnium
514 741 568 824 qui
588 759 737 825 umquam
757 741 879 806 fuerant
903 759 1013 827 regum
1026 742 1211 821 ditissimus,

63 845 186 926 quique
202 862 327 926 semper
341 844 414 909 ordo
428 862 531 909 rerum
545 845 601 924 eet,
622 844 661 910 ab
676 844 785 926 opibus
799 845 833 910 in
845 844 954 910 luxum
968 845 1001 909 et
1013 845 1093 911 uitia
1106 845 1212 927 delap-

44 964 128 1026 ssus‚
147 966 228 1012 oum
243 947 407 1012 aduersum
421 946 621 1012 interdictum
631 947 689 1013 Dei
705 965 741 1012 ex
754 947 935 1032 alienigenis
948 947 1091 1032 ooniugia
1104 965 1212 1029 sump-

64 1051 161 1115 sisset
176 1052 212 1114 et
228 1050 295 1114 ium
309 1050 517 1134 septingentas
537 1066 644 1115 uxores
665 1051 696 1115 et
709 1051 860 1116 treoemm
880 1050 1062 1116 oonoubinas
1075 1050 1210 1127 baberet,

64 1154 153 1218 idola
175 1153 227 1217 eis
247 1153 314 1217 ritu
335 1152 475 1237 gentium
490 1171 629 1232 suarum,
654 1153 766 1236 quibus
780 1152 920 1232 litarent,
943 1154 1113 1220 constitnit.
1140 1153 1242 1236 quise

65 1257 160 1322 rebus
176 1275 310 1321 auersus
324 1255 408 1322 Deus
423 1255 558 1340 grauiter
573 1256 721 1338 inoropito
734 1274 864 1338 poenam
877 1256 1081 1335 denuntiauit,
1096 1256 1161 1321 iore
1174 1258 1212 1321 ut

65 1379 204 1444 regnum
229 1377 267 1424 ex
288 1360 374 1441 parte
396 1359 509 1424 maiore
531 1359 711 1442 ademptum
732 1359 798 1424 filio
817 1377 904 1425 seruo
923 1359 1010 1425 illius
1030 1359 1208 1425 traderetur.

37 1479 58 1518 1⁰
65 1464 162 1546 idque
178 1464 232 1528 ita
246 1463 368 1528 assidit.

107 1567 198 1632 Nam
231 1565 375 1632 domnelo
405 1563 564 1632 Salomone
593 1583 671 1632 anno
700 1565 824 1647 imperii
852 1565 1105 1650 quadragesimo,
1138 1572 1260 1636 oumll

67 1671 215 1735 Roboam
229 1668 314 1734 filius
328 1686 406 1734 anno
422 1669 531 1734 aetatis
546 1669 674 1734 sextoet
687 1667 947 1754 decimoregnum
957 1669 1094 1752 patrium
1107 1669 1210 1733 tenere

70 1772 240 1856 coepisset,
263 1790 333 1854 pars
354 1771 460 1854 populi
481 1771 518 1837 ab
539 1789 574 1837 eo
595 1771 709 1838 offense.
723 1771 862 1836 dissedit.
886 1771 1000 1836 etenim
1021 1789 1093 1836 oum
1113 1769 1211 1835 laxari

69 1876 128 1940 sibi
151 1874 350 1957 stipendium
371 1874 571 1957 poposeisset,
600 1874 681 1957 quod
703 1872 846 1940 Salomon
867 1873 1087 1958 grauissimum
1108 1872 1211 1956 impo-

30 1987 60 2036 ‘u
69 1980 184 2057 suerat,
192 1977 366 2061 repudiatis
372 1977 513 2059 precibus
522 1977 697 2060 supplicum
705 1977 843 2043 fauorem
850 1977 1009 2042 uniuersae
1015 1975 1114 2058 plebis
1120 1993 1210 2041 auer-

68 2083 157 2148 terat.
183 2082 294 2163 itaque
315 2097 461 2146 consensu
482 2081 622 2146 omnium
642 2080 808 2163 imperium
829 2080 868 2146 ad
881 2080 1045 2146 Jeroboam
1064 2078 1241 2151 desertura

4 2155 5 2212 ¹
69 2186 95 2249 is
108 2185 219 2250 medio
234 2202 345 2268 genere
359 2183 444 2248 ortus
459 2175 638 2266 aliquandiu
650 2182 805 2249 Salomoni
820 2183 1003 2248 seruitutem
1016 2182 1208 2265 pependerat.

70 2289 121 2353 sed
136 2307 215 2352 oum
230 2286 261 2351 oi
275 2304 416 2368 responso
424 2286 539 2352 Aebiae
554 2286 717 2368 prophetae
728 2305 859 2370 regnum
866 2285 1077 2351 Hebraeorum
1091 2303 1209 2350 annun·

70 2391 188 2455 tiatum
205 2388 418 2471 comperisset,
440 2407 546 2454 nouare
561 2407 632 2454 eum
647 2389 728 2454 olam
742 2388 958 2454 destinauerat.
981 2406 1041 2471 quo
1055 2387 1109 2452 ille
1123 2386 1239 2450 metue
1347 2377 1352 2390 '

43 2493 103 2557 uin
124 2492 312 2576 Aegyptum
338 2490 491 2575 confugit,
522 2491 626 2573 ibique
655 2510 746 2557 uxore
775 2493 898 2573 aceepta
925 2509 962 2555 ox
991 2490 1086 2573 stirpe
1113 2488 1209 2573 regia,

72 2596 199 2680 oognita
209 2595 338 2660 demum
346 2592 515 2660 Salomonis
526 2595 624 2659 morte
635 2595 668 2660 in
680 2594 780 2660 solum
788 2595 925 2677 patrium
936 2611 1090 2678 regressus
1098 2593 1210 2658 uolun-

72 2700 135 2763 tate
149 2697 272 2780 populi,
289 2699 325 2762 ut
340 2716 432 2780 supra
445 2696 618 2776 retulimus,
634 2699 768 2780 sumpsit
781 2698 957 2780 imperium.
971 2715 1063 2779 penos
1072 2695 1242 2763 Roboam4

72 2803 180 2866 tamen
201 2801 282 2866 duee
303 2801 419 2878 tribus,
449 2800 544 2865 Iudae
565 2801 596 2864 et
617 2801 796 2880 Beniamin,
821 2800 1010 2866 rmederant:
1039 2819 1076 2864 er
1096 2798 1146 2864 bis
1171 2797 1211 2863 ad

3 2935 4 3028 p
72 2904 212 2968 treomta
233 2903 323 2968 milia
344 2903 466 2986 parauit
487 2903 664 2968 exereitum.
695 2921 826 2986 eumque
848 2903 928 2970 aoies
950 2902 1210 2986 promouerentur,

41 3035 63 3074 a
72 3007 178 3072 uerbis
199 3006 260 3071 Dei
281 3007 412 3088 populus
434 3006 629 3084 admonetur,
652 3006 767 3088 proelio
789 3006 970 3072 abstineret:
999 3024 1035 3070 er
1057 3023 1112 3070 suo
1132 3004 1211 3068 nutu

72 3111 242 3176 Jeroboam
263 3127 393 3194 regnum
415 3109 572 3191 aooepisse.
602 3109 648 3174 ita
675 3110 776 3192 spreto
804 3109 886 3193 rogis
910 3109 1040 3191 imperio
1061 3107 1242 3176 exereituso

74 3213 230 3295 dilapsus:
253 3212 275 3278 J
276 3212 418 3277 eroboam
431 3211 598 3294 imperium
612 3212 794 3277 inualuerat.
810 3212 863 3276 sed
878 3230 950 3276 oum
964 3210 1211 3294 Hierosolymam

72 3316 213 3380 Roboam
229 3315 389 3398 optineret,
402 3314 457 3378 ubi
470 3315 586 3396 templo
601 3312 790 3381 aSalomone
801 3314 883 3380 laeto
897 3314 1029 3397 populus
1043 3313 1211 3378 saorifioare

73 3419 138 3482 Deo
154 3418 363 3496 consueuerat,
378 3417 495 3482 ueritus
510 3417 683 3495 Jeroboam,
707 3435 745 3482 ne
759 3419 798 3482 ab
814 3435 849 3482 eo
863 3417 985 3499 plebem
1000 3416 1109 3500 religio
1122 3433 1211 3480 auer-

179 3639 195 3695 1
214 3638 259 3691 HI
276 3638 341 3708 Reg.
362 3637 407 3694 10.
461 3638 479 3694 2
497 3638 541 3691 ΙΠ
558 3638 622 3709 Reg.
643 3639 679 3695 11
736 3638 771 3695 11
790 3638 834 3692 III
852 3638 916 3708 Reg.
937 3637 982 3694 12.

123 3845 306 3901 Hoonnexum
328 3843 344 3896 b
370 3844 530 3912 (moxiuxte
551 3860 695 3899 connexum
716 3846 785 3900 oom'.
807 3844 842 3898 de
862 3845 962 3914 Proto)
1014 3843 1143 3911 3regum
1154 3841 1212 3894 fue·

71 3931 173 3985 rantP
224 3928 412 3998 tdelapsd‘P
463 3930 715 4000 5sumpsissentP
780 3927 1210 3986 tetiamdePruto:etiame

122 4016 139 4072 7
153 4015 259 4082 Quibus
268 4033 289 4069 r.
301 4031 410 4070 auersus
419 4014 575 4070 Dominnsb
622 4015 657 4072 11
672 4017 742 4070 Nam
751 4017 827 4070 emb
875 4016 911 4072 12
922 4015 1022 4069 aetatis
1031 4013 1214 4068 mDrueiue

73 4109 144 4157 reete
154 4108 188 4156 ut
201 4101 330 4170 uidetur,
349 4103 384 4169 of.
398 4103 454 4156 HI
465 4102 532 4171 Reg.
546 4105 589 4169 14,
602 4105 639 4155 21
650 4107 676 4155 et
689 4102 785 4156 Porul.
800 4103 843 4169 11,
856 4104 949 4170 12,13
965 4103 978 4169 ΙΙ
993 4102 1134 4168 paternum
1150 4115 1210 4151 ma-

73 4190 141 4258 rabot
156 4187 281 4243 Raetus
335 4187 371 4246 15
384 4203 438 4240 ase
451 4187 713 4244 auerteratmulebot
730 4188 856 4242 Voretieee
909 4185 947 4243 18
959 4201 1019 4240 oum
1033 4184 1212 4254 eresponsoP

123 4273 161 4331 23
173 4272 210 4328 ad
221 4287 254 4327 oo
265 4272 342 4327 milia
348 4273 470 4328 Ilrueuee
482 4274 539 4328 coll.
553 4273 608 4328 III
616 4274 682 4344 Reg.
696 4277 741 4344 12,
754 4277 791 4329 21
839 4273 877 4330 27
891 4271 1016 4339 delapsus
1029 4270 1057 4325 P
1102 4269 1141 4328 29
1154 4270 1214 4325 Do-

77 4360 190 4428 minob,
204 4359 269 4413 item
277 4358 437 4428 paulopost
459 4362 471 4428 ΙΙ
493 4359 653 4414 Hieroboam
665 4359 708 4414 Pb
730 4361 743 4428 ΙΙ
765 4357 1002 4414 neaseDrustaeo
