3050 4984
570 411 644 482 Cap.
665 413 735 471 15-
740 411 785 469 16
952 471 955 476 .
1203 409 1245 473 99

112 564 199 649 ignis
223 564 351 630 uiolent'
327 568 372 630 tra
392 569 519 650 cogente
540 567 632 651 spirit
632 586 668 631 us
689 567 834 651 pascitur
858 565 909 631 hic
930 567 977 630 ιιι
997 564 1097 629 eritne
1117 563 1274 645 finisqroa

115 669 231 745 uester,
247 668 322 733 haec
337 670 384 734 est
397 689 494 751 poena
509 690 602 753 quam
616 690 672 788 pro
688 670 823 752 deceptis
833 668 1009 734 hominibus
1020 668 1105 732 Deus
1116 669 1166 732 ιιι
1167 667 1244 732 tuit:

114 773 151 835 t
166 771 324 853 perpetius
340 772 446 837 ardeat
460 772 596 840 flammis
619 774 672 856 qui
693 774 797 838 contra
817 772 1010 838 uoluntatem
1024 771 1084 835 Dei
1098 772 1247 836 miserum

1 952 2 961 ἵ
113 874 276 938 hominem
291 875 346 939 aut
361 874 480 957 decepit
494 877 549 941 aut
563 876 707 960 perdidit.
732 876 803 941 uolo
818 894 891 940 sane
906 873 1100 957 diligenter
1091 874 1245 955 rnqnirere

77 1002 90 1041 ι
114 977 206 1041 cuius
222 977 379 1043 Mineruae
394 979 451 1043 hoc
472 980 583 1045 uolunt
608 998 674 1046 esse
697 980 837 1064 signnm:
859 979 963 1060 plures
985 977 1068 1041 enim
1089 976 1245 1040 Mineruae

1 1084 2 1093 ‘
113 1079 213 1144 fluisse
229 1081 348 1146 constat
362 1099 418 1147 nee
433 1082 545 1165 aliquis
560 1084 594 1148 in
607 1084 670 1149 ista
685 1085 773 1166 parte
788 1082 941 1147 dissentit.
965 1080 1119 1165 singulare
1139 1079 1245 1159 itaque

114 1202 229 1270 genus,
258 1185 456 1266 institutum,
494 1188 594 1252 artem
616 1187 868 1271 propositumque
889 1184 1043 1262 dicamus,
1080 1182 1116 1246 ut
1138 1199 1174 1245 en
1195 1180 1244 1243 his

1 1354 2 1383 ᾖ
114 1287 260 1351 omnibus
283 1288 415 1353 inueniri
442 1290 539 1372 possit
565 1290 745 1356 Palladium
768 1291 855 1355 cuius
876 1289 1036 1354 Mineruae
1058 1285 1100 1351 sit
1121 1284 1244 1349 nomine

1 1388 2 1443 l
115 1391 364 1481 consecratum.¹

1 1444 3 1547 6
77 1525 105 1564 ro
158 1490 301 1574 Quinque
322 1494 478 1560 Mineruae
500 1494 595 1562 fuisse
621 1495 796 1580 legentibus
823 1494 911 1559 nobis
939 1492 1036 1557 tradit
1063 1490 1240 1572 antiquitas.
1254 1483 1293 1548 lt

1 1590 3 1685 ι
114 1615 179 1660 una
194 1597 241 1660 est
247 1596 380 1662 Vulcani
394 1597 476 1677 filia,
492 1617 569 1681 quae
584 1598 721 1664 Athenas
737 1596 889 1675 condidit,
910 1615 1004 1677 quam
1018 1615 1054 1661 ex
1069 1595 1243 1678 agrestibus

1 1760 4 1827 b
114 1697 193 1762 locis
216 1698 256 1763 ad
279 1700 412 1765 urbanae
433 1702 673 1766 conuersationis
695 1700 834 1766 ordinem
853 1698 970 1764 rustica
989 1698 1082 1763 turba
1096 1697 1245 1763 comitata

115 1803 173 1866 est.
198 1802 260 1866 fuit
275 1803 336 1868 alia
350 1803 383 1869 in
397 1802 541 1889 Aegypto
555 1803 622 1869 Nili
637 1804 719 1887 regis
734 1803 814 1881 filia,
829 1802 980 1867 textrinae
992 1802 1067 1866 artis
1079 1801 1244 1884 magistra:

114 1904 211 1969 tertia
236 1924 309 1970 uero
334 1908 421 1989 patre
448 1906 578 1972 Satumo
594 1908 700 1991 genita
715 1907 777 1984 ιιι,
803 1905 857 1970 sed
870 1906 949 1970 hanc
964 1905 1136 1988 niraginem
1151 1902 1245 1969 fuisse

78 2010 376 2076 recommemorent:
400 2029 472 2075 nam
497 2029 669 2092 numquam
694 2028 726 2074 se
751 2010 834 2073 intra
853 2006 980 2073 feminei
995 2026 1084 2072 sexus
1098 2025 1245 2071 uerecun-

116 2110 204 2175 diam
219 2112 328 2190 tenuit,
345 2111 398 2176 sed
413 2132 498 2177 arma
513 2132 633 2195 semper
647 2113 871 2195 strepitumque
885 2130 1059 2195 pugnarum
1074 2111 1105 2175 ιι
1120 2110 1246 2175 cruenta

116 2214 224 2279 secuta
249 2215 297 2279 est
321 2215 424 2280 studia
448 2216 609 2281 bellorum.
644 2216 754 2297 quarta
771 2214 855 2279 Iouis
870 2212 983 2279 Cretici
998 2214 1079 2297 regis
1094 2212 1156 2277 fuit
1169 2211 1243 2289 filia,

117 2334 196 2397 quae
218 2318 352 2381 occisum
374 2319 457 2400 patri
472 2319 585 2383 detulit
599 2319 755 2384 Liberum.
778 2318 911 2401 {quinta
935 2317 1076 2381 Pallante
1101 2317 1187 2397 patre
1212 2315 1361 2379 staura.

118 2419 263 2483 Titanida
278 2422 378 2504 matre
393 2422 460 2486 orta
475 2423 535 2501 ιιι,
560 2441 636 2503 quae
656 2422 753 2504 patris
775 2420 929 2503 appellata
942 2420 1064 2485 nomine
1078 2418 1182 2482 Pallas
1197 2418 1272 2481 esta

79 2522 156 2586 arab
178 2522 355 2589 hominibus
381 2525 564 2607 nuncupata.
594 2525 669 2589 haec
694 2523 888 2606 parricidalis
914 2522 1050 2587 amentia
1076 2520 1187 2585 furoris
1213 2521 1245 2584 et

1 2648 3 2657 ’
116 2644 269 2691 uaesanae
293 2627 436 2692 temerita
437 2627 513 2692 tis
505 2627 655 2692 instinctu
680 2628 801 2711 patrem
821 2626 997 2691 Pallantem
1017 2623 1133 2689 crudeli
1148 2623 1247 2686 morte

116 2729 277 2812 iugularit
302 2748 358 2794 nec
383 2730 518 2812 simplici
543 2730 640 2813 patris
665 2730 764 2795 morte
790 2730 947 2807 contenta,
970 2730 1007 2792 ut
1022 2726 1140 2790 diutius
1155 2725 1248 2790 malis

118 2832 183 2896 suis
199 2831 353 2898 frueretur
368 2835 399 2898 ιι
413 2834 449 2897 ut
464 2835 614 2898 demente
629 2834 727 2916 patris
755 2832 908 2898 crudelius
931 2830 1152 2911 triumpharet,
1174 2848 1248 2893 exu-

1 2926 3 2949 ³
117 2936 181 2999 uiis
197 2936 330 3017 corporis
346 2936 411 3000 eius
427 2937 551 3001 ornatae
566 2936 693 3014 santes,
717 2936 753 3000 ut
768 2934 926 3018 parricidii
947 2933 1064 2997 facinus
1081 2951 1116 2997 ex
1131 2931 1249 2995 crudeli

80 3060 108 3101 ιι
119 3038 324 3103 ostentatione
338 3039 518 3121 publicaret.
541 3039 635 3103 huius
650 3040 697 3104 est
712 3038 906 3116 Palladium,
928 3056 983 3119 pro
998 3035 1097 3114 nefas,
1126 3034 1249 3098 nomine

119 3142 347 3221 consecratum,
370 3141 446 3207 haec
461 3142 508 3206 ιιι
522 3142 628 3207 Pallae
644 3161 721 3223 quae
738 3141 866 3219 colitur,
889 3140 966 3204 haee
987 3141 1034 3204 ιιι
1054 3157 1132 3219 quae
1146 3136 1249 3219 ponti-

119 3244 205 3309 ficali
220 3245 288 3328 lege
303 3246 458 3324 seruatur,
483 3247 514 3309 et
529 3246 615 3309 errius
631 3229 751 3309 facinus
772 3243 909 3308 seuerius
931 3241 1071 3305 damnari
1091 3240 1248 3316 debuerat,

120 3348 187 3411 eius
208 3347 312 3432 imago
333 3347 513 3429 suppliciter
533 3348 685 3411 adoratur.
717 3346 862 3427 adponite
882 3346 1004 3428 ignem,
1028 3345 1139 3427 augete
1159 3341 1249 3405 flam·

119 3469 204 3529 mas,
228 3452 264 3514 ut
285 3451 464 3515 cottidianis
491 3450 648 3515 sacrificiis
677 3449 790 3513 uestris
816 3448 915 3513 discat
940 3446 1053 3511 ardere.
1078 3445 1152 3526 quid
1166 3444 1249 3507 enim

82 3553 257 3622 comeretur
277 3554 363 3619 aliud
382 3553 534 3635 parricida
558 3552 619 3617 nisi
639 3554 675 3617 ut
697 3553 846 3635 perpetua
865 3549 1040 3614 imitatione
1054 3548 1250 3612 flammarum

175 3775 190 3831 1
205 3777 314 3844 cogente
324 3791 387 3829 eos:
401 3774 547 3843 cogentiP‚
558 3774 692 3843 congeniti
702 3790 727 3839 o,
739 3773 857 3841 cogentis
867 3772 994 3825 Bursao
1036 3769 1072 3826 16
1082 3769 1250 3838 strepituque

119 3862 149 3915 P
185 3861 221 3917 19
232 3860 431 3915 TritonideJos.
441 3860 561 3929 Scaliger
567 3881 577 3928 ,-
587 3866 617 3913 ot
625 3878 652 3913 ι.
660 3859 916 3914 ΟιιιιΑιιιΡιοιι.
927 3856 1174 3923 aetAmpettoma
1184 3858 1221 3908 10

119 3948 157 4004 21
175 3964 289 4013 uesanae
303 3948 343 4000 P:
364 3962 476 4000 casanae
490 3946 549 3999 edd.
604 3945 641 4001 23
661 3944 764 3998 exubiis
778 3945 805 3998 P
856 3944 895 3999 24
913 3943 1005 4008 ornate
1019 3943 1081 3993 sunt
1093 3942 1136 4007 P;
1154 3941 1250 3993 ornata

120 4035 163 4087 est
175 4051 205 4097 ι,
224 4035 302 4086 ornat
314 4035 418 4086 scutum
430 4033 498 4087 ooae'.
513 4032 655 4099 Beretum
673 4032 738 4098 fort.
760 4031 869 4084 ornatae
892 4030 954 4081 sunt
974 4043 1083 4094 manus,
1101 4033 1134 4079 eet
1151 4027 1250 4080 Pallae

119 4121 153 4173 ιι
170 4136 301 4173 ausorum
318 4119 485 4188 imaginibus
506 4123 732 4185 repraesentatur
753 4116 894 4170 brachium
916 4113 1012 4183 crepida
1032 4118 1131 4165 tectam
1142 4127 1249 4181 percas,

120 4223 204 4274 qaam
213 4206 334 4260 testibus
344 4206 451 4259 obuiam
461 4206 517 4270 fert
523 4224 533 4271 ;
544 4205 579 4270 cf.
591 4199 1098 4266 0.Moeoer1)eaemozer1,10,37.H,
1107 4200 1215 4261 araas

1 4350 18 4370 ξ,
122 4293 161 4351 25
179 4294 246 4361 proh
260 4309 278 4344 a
338 4290 376 4347 29
395 4290 637 4345 discatBeerse'oa:
657 4288 730 4341 dicat
743 4289 783 4353 P,
802 4287 937 4340 dicatnra
1000 4283 1039 4341 30
1055 4284 1204 4337 mutatione
1216 4300 1251 4350 ις

123 4380 189 4445 sort.
200 4376 407 4431 circumdatione

1004 4457 1125 4526 7⁴²,
