3050 4984
6 268 9 428 1
540 327 652 384 (ihren.
671 329 693 392 1,
712 327 831 385 19-21.
1200 329 1243 396 23

110 488 153 551 ut
176 487 280 568 spreto
296 485 397 569 Moysi
419 485 545 567 imperio
566 485 674 550 ducem
697 483 1134 566 6111666611661666661661,
1157 483 1244 548 cuius

112 570 217 654 ductu
231 589 265 654 in
279 589 459 672 Aegyptum
473 587 704 653 reuerterentur.
719 589 789 652 turn
804 588 889 652 Iasus
903 589 935 652 61
949 586 1077 665 chaleb,
1098 587 1151 669 qui
1164 587 1272 652 interl

112 693 324 774 exploratores
344 693 441 756 terrae
461 690 596 770 fuerant,
622 690 783 756 conscissis
812 690 950 756 uestibus
971 690 1076 756 flentes
1097 689 1246 772 populum

113 795 328 873 obtestantur,
349 813 387 859 ne
400 794 640 876 exploratoribus
655 794 793 873 credant,
816 793 1012 858 formidolosa
1029 793 1245 858 referentibus:

92 917 150 964 sss
167 916 288 980 quoque
302 917 363 962 una
377 894 448 961 crim
462 896 636 975 1616161666,
657 897 736 962 nihil
754 897 954 962 metuendum
975 897 1009 960 in
1030 896 1094 960 solo
1107 896 1162 960 illo
1175 913 1245 977 rep-

114 1001 250 1083 perisse:
271 1000 429 1082 promissis
449 1000 520 1064 illos
534 1001 592 1064 Dei
607 999 754 1065 confidere
768 1000 918 1082 oportere,
933 1000 1035 1064 hostes
1049 998 1177 1081 praedae
1189 1015 1274 1080 pos

114 1105 183 1168 tius
199 1121 294 1185 quam
309 1103 401 1168 exitio
415 1101 489 1168 fore.
511 1103 564 1168 661
578 1121 652 1186 gens
666 1102 831 1180 indomita,
852 1102 935 1168 sanis
954 1101 1089 1167 consiliis
1103 1101 1184 1166 male
1196 1119 1245 1166 re-

114 1207 238 1285 nitens,
261 1206 294 1270 in
314 1205 480 1288 perniciem
494 1223 599 1270 sorum
613 1205 775 1270 ferebatur.
791 1205 860 1287 quis
873 1205 964 1270 rebus
978 1206 1148 1270 commotus
1162 1205 1247 1269 Deus

114 1310 240 1390 partem
255 1309 360 1391 populi
378 1308 519 1373 hostibus
540 1309 721 1374 caedendum
741 1308 867 1386 obiecit,
890 1307 1129 1390 exploratoribus
1150 1307 1245 1372 inter-

80 1435 106 1472 ro
115 1411 209 1475 166116
225 1411 265 1476 61
278 1411 367 1496 uulgi
381 1410 586 1477 formidinem.

163 1512 278 1579 Secuta
295 1515 344 1578 est
374 1531 479 1578 eorum
505 1514 711 1594 6661666616,
737 1515 791 1597 qui
816 1532 849 1579 se
868 1515 992 1579 Dathan
1010 1516 1043 1578 61
1056 1512 1174 1578 Abiron
1188 1512 1245 1575 16-
1256 1527 1294 1590 21

2 1558 5 1727 ,
115 1616 208 1682 61166
222 1617 386 1682 aduersum
396 1617 522 1701 Moysen
532 1618 564 1682 ct
574 1617 678 1682 Aaron
688 1617 804 1701 erigere
817 1617 918 1682 conati
932 1618 1019 1682 sunt:
1034 1616 1087 1680 661
1097 1634 1147 1680 666
1158 1615 1246 1679 uiuos

114 1719 210 1784 hiatu
223 1737 279 1783 suo
293 1721 375 1784 terra
389 1719 556 1785 obsorbuit.
578 1739 633 1786 nec
647 1720 746 1785 multo
761 1722 831 1802 post
844 1720 940 1785 totius
954 1719 1059 1802 populi
1073 1719 1107 1785 in
1120 1717 1274 1802 Moysenp

115 1823 149 1886 61
162 1822 270 1888 Aaron
290 1823 358 1886 orta
377 1823 486 1888 6611116
506 1825 567 1901 est,
583 1824 657 1888 6166
672 1823 708 1888 61
721 1823 966 1903 tabemacutum,
988 1823 1068 1906 quod
1082 1823 1148 1887 erat
1160 1821 1246 1887 nefas

80 1951 105 1990 u
114 1923 150 1989 ni
166 1925 375 1990 sacerdotibus
389 1925 529 2004 introire,
550 1926 762 2008 irrumperent.
785 1928 855 1991 tum
868 1945 940 1992 uero
954 1925 1135 1992 cateruatim
1148 1925 1182 1989 in
1195 1942 1246 1988 eos

1 2036 3 2058 '¹
116 2029 260 2111 grassata
273 2045 356 2092 mors
371 2029 431 2093 est:
447 2029 660 2110 momentoque
674 2047 778 2094 omnes
792 2030 976 2107 interissent,
991 2029 1052 2096 nisi
1063 2029 1163 2112 Moysi
1176 2046 1246 2110 prc-

117 2129 208 2194 cibus
227 2129 367 2212 placatus
386 2131 537 2196 Dominus
558 2131 675 2196 cladem
693 2133 863 2197 auertisset.
889 2151 1034 2197 numerus
1053 2134 1158 2196 tamen
1177 2149 1245 2213 per-

117 2234 296 2314 emptorum
308 2233 493 2318 septingenti
508 2235 539 2298 et
553 2253 632 2299 666
646 2235 735 2300 milia
749 2234 820 2300 fuit.
835 2253 891 2300 nec
904 2235 1003 2299 multo
1013 2235 1084 2316 post
1097 2234 1136 2298 61
1151 2250 1273 2315 aquaso

116 2336 295 2418 penuriam,
310 2337 347 2400 ut
359 2337 423 2401 iam
444 2336 578 2418 saepius,
598 2337 704 2420 populi
724 2339 828 2402 exorta
847 2337 957 2402 seditio
971 2338 1027 2401 est.
1042 2338 1112 2401 tum
1126 2335 1247 2418 Moyses

83 2457 137 2504 soa
151 2439 217 2504 Deo
232 2439 379 2518 monitus,
395 2441 431 2505 ut
444 2441 563 2522 petram
577 2441 667 2525 uirgo
677 2439 791 2519 feriret,
803 2439 951 2505 familiari
961 2439 1023 2504 sibi
1032 2438 1246 2521 experimento,
1305 2449 1314 2470 ⁸

120 2541 277 2624 siquidem
291 2542 324 2606 id
339 2542 402 2606 iam
417 2543 487 2608 ante
502 2542 633 2623 fecisset,
648 2545 744 2608 semel
757 2545 850 2627 atque
862 2544 977 2608 iterum
990 2544 1111 2624 petram
1124 2558 1247 2624 percus-

119 2645 177 2723 sit,
199 2645 292 2727 atquo
311 2645 357 2710 ita
376 2663 455 2728 aqua
468 2645 596 2710 effluxit.
617 2647 650 2712 in
665 2665 724 2730 quo
739 2647 864 2730 quidem
877 2647 1002 2712 notatus
1015 2665 1035 2711 a
1048 2647 1113 2711 Deo
1126 2646 1248 2729 Moyses

118 2747 267 2826 refertur,
291 2748 371 2830 quod
391 2767 445 2830 per
464 2749 670 2814 diffidentiam
689 2767 749 2816 non
768 2751 829 2816 nisi
844 2751 954 2816 iterato
967 2750 1033 2815 ictu
1047 2769 1158 2833 aquam
1172 2749 1248 2814 616-

1 2853 2 2878 ¹
119 2851 215 2916 uerit:
238 2851 368 2933 denique
389 2851 427 2915 ob
449 2852 506 2917 166
527 2853 685 2935 peceatum
707 2854 890 2935 promissam
911 2853 972 2918 sibi
990 2854 1105 2920 terram
1124 2871 1184 2918 non
1198 2853 1248 2917 in·

1 2989 2 3026 ;
85 2979 109 3020 os
120 2973 246 3038 gressus
260 2956 316 3033 661,
332 2953 412 3019 61661
425 2954 554 3020 inferius
569 2955 736 3021 ostendam.
752 2957 851 3040 igitur
864 2957 985 3040 Moyses
999 2975 1035 3020 en
1048 2975 1084 3021 eo
1098 2956 1163 3020 loco
1177 2967 1277 3037 pro-4

118 3075 264 3136 mouens,
284 3074 356 3121 cum
375 3058 495 3140 practer
507 3059 607 3123 Edom
621 3076 732 3143 agmon
747 3059 856 3123 ducsre
869 3060 1003 3141 pararet,
1028 3059 1133 3123 missis
1146 3059 1186 3122 ad
1200 3075 1249 3121 re-

1 3223 2 3246 ,
119 3177 192 3243 gem
205 3159 318 3244 legatis
331 3161 508 3226 transeunti
519 3161 638 3244 copiam
648 3162 795 3244 poposcit,
806 3162 845 3226 ob
856 3162 905 3226 ius
916 3162 1074 3246 sanguinis
1084 3161 1164 3226 bello
1178 3161 1250 3226 abs·

119 3263 282 3328 tinendum
308 3265 408 3328 ratus:
437 3264 550 3329 etenim
578 3283 651 3348 gens
679 3265 735 3329 illa
755 3266 837 3330 Esau
858 3265 1015 3349 progenies
1036 3266 1109 3330 erat.
1132 3264 1184 3329 661
1197 3283 1250 3328 rex

119 3365 272 3448 supplices
287 3367 463 3448 aspomatus
477 3367 643 3432 transitum
657 3368 793 3451 negauit,
808 3368 933 3450 paratus
947 3368 1041 3432 66616
1061 3367 1250 3434 contendere.

225 3587 260 3643 11
279 3587 358 3642 Num.
379 3588 416 3645 16
436 3605 474 3658 sq.
512 3588 549 3645 13
566 3588 645 3642 Num.
664 3587 711 3645 20.

175 3792 340 3861 16666161·
365 3794 489 3862 etptoP
551 3792 687 3850 216661
750 3795 840 3852 suna
864 3795 922 3864 ΡΙΙ
941 3795 1077 3862 61111Ρ11
1092 3794 1252 3864 6666616661

173 3877 191 3934 8
204 3877 233 3931 in
241 3878 384 3947 pumiciem
396 3895 471 3932 suam
482 3879 606 3933 Drocias
615 3884 641 3933 61
650 3879 792 3948 16Ρ6616,
804 3886 835 3934 ct
845 3882 968 3947 refertor
977 3897 1065 3936 eorum
1074 3880 1211 3934 udJesum
1222 3886 1248 3934 61

124 3964 280 4032 Macetum,
293 3982 319 4018 a.
333 3965 416 4019 Neon.
427 3969 471 4033 14,
481 3968 517 4018 10
536 3966 548 4033 ΙΙ
568 3966 643 4034 queis
663 3965 741 4019 robus
751 3969 895 4020 commotus
904 3968 1060 4022 Dominusb
1105 3967 1123 4023 9
1141 3966 1248 4020 obiecit.

119 4049 339 4118 Exploratoribns
359 4050 375 4104 b
395 4057 421 4104 et
442 4049 501 4104 611.
511 4052 635 4119 6616666·
653 4051 799 4105 uerborum
819 4053 1021 4109 distinctionem
1041 4053 1196 4107 medacii
1214 4053 1252 4108 16

119 4137 210 4190 Proto
259 4137 293 4192 11
308 4136 509 4191 contumatiaP
523 4139 535 4205 11
551 4137 658 4192 Abirom
669 4137 793 4192 Drousias
840 4139 877 4196 13
886 4139 1072 4194 obsorbuitP:
1084 4138 1247 4194 absorbuitb

174 4221 396 4280 16616666
441 4211 812 4282 rosaceoffinnsar
855 4223 1248 4282 rouuncnorsesaoomnoo

172 4305 213 4363 20
229 4307 363 4362 familiare
375 4310 403 4363 P
454 4311 492 4367 22
513 4327 529 4364 6
548 4311 661 4366 Domino
681 4312 697 4366 b
757 4311 796 4368 26
813 4311 906 4365 ducere
918 4311 952 4364 16
963 4311 1066 4364 Proto.-
1085 4311 1194 4365 educere
1205 4312 1248 4365 Pb
