<?xml version="1.0" encoding="UTF-8"?>
<!DOCTYPE html PUBLIC "-//W3C//DTD XHTML 1.0 Transitional//EN"
    "http://www.w3.org/TR/xhtml1/DTD/xhtml1-transitional.dtd">
<html xmlns="http://www.w3.org/1999/xhtml" xml:lang="en" lang="en">
 <head>
  <title>
</title>
<meta http-equiv="Content-Type" content="text/html;charset=utf-8" />
  <meta name='ocr-system' content='tesseract 3.04.00' />
  <meta name='ocr-capabilities' content='ocr_page ocr_carea ocr_par ocr_line ocrx_word'/>
</head>
<body>
  <div class='ocr_page' id='page_1' title='image "./corpusscriptoru02wissgoog_0115.png"; bbox 0 0 3050 4984; ppageno 0'>
   <div class='ocr_carea' id='block_1_1' title="bbox 515 326 1235 397">
    <p class='ocr_par' dir='ltr' id='par_1_1' title="bbox 515 326 1235 397">
     <span class='ocr_line' id='line_1_1' title="bbox 515 326 1235 397; baseline 0.003 -14"><span class='ocrx_word' id='word_1_1' title='bbox 515 326 630 383; x_wconf 86' lang='lat' dir='ltr'>Chron</span> <span class='ocrx_word' id='word_1_2' title='bbox 649 328 685 392; x_wconf 83' lang='grc' dir='ltr'>Π,</span> <span class='ocrx_word' id='word_1_3' title='bbox 704 326 826 385; x_wconf 83' lang='lat'><strong>31-33.</strong></span> <span class='ocrx_word' id='word_1_4' title='bbox 1195 333 1235 397; x_wconf 73' lang='grc'>87</span> 
     </span>
    </p>
   </div>
   <div class='ocr_carea' id='block_1_2' title="bbox 10 480 1289 3547">
    <p class='ocr_par' dir='ltr' id='par_1_2' title="bbox 10 480 1289 3547">
     <span class='ocr_line' id='line_1_2' title="bbox 96 480 1266 566; baseline 0.009 -22"><span class='ocrx_word' id='word_1_5' title='bbox 96 481 156 545; x_wconf 87' lang='lat' dir='ltr'>bus</span> <span class='ocrx_word' id='word_1_6' title='bbox 172 480 263 545; x_wconf 91' lang='lat' dir='ltr'>uinci</span> <span class='ocrx_word' id='word_1_7' title='bbox 277 498 339 545; x_wconf 94' lang='lat' dir='ltr'>non</span> <span class='ocrx_word' id='word_1_8' title='bbox 353 482 519 564; x_wconf 92' lang='lat' dir='ltr'>potuimus.</span> <span class='ocrx_word' id='word_1_9' title='bbox 536 484 643 547; x_wconf 80' lang='lat' dir='ltr'>extant</span> <span class='ocrx_word' id='word_1_10' title='bbox 656 483 753 547; x_wconf 91' lang='lat' dir='ltr'>etiam</span> <span class='ocrx_word' id='word_1_11' title='bbox 764 484 929 549; x_wconf 78' lang='lat' dir='ltr'>mandatae</span> <span class='ocrx_word' id='word_1_12' title='bbox 939 483 1054 551; x_wconf 89' lang='lat' dir='ltr'>litteris</span> <span class='ocrx_word' id='word_1_13' title='bbox 1065 485 1266 566; x_wconf 82' lang='lat' dir='ltr'>praeclaraeo</span> 
     </span>
     <span class='ocr_line' id='line_1_3' title="bbox 95 585 1237 673; baseline 0.004 -24"><span class='ocrx_word' id='word_1_14' title='bbox 95 585 165 649; x_wconf 89' lang='lat' dir='ltr'>eius</span> <span class='ocrx_word' id='word_1_15' title='bbox 182 585 337 666; x_wconf 88' lang='lat' dir='ltr'>temporis</span> <span class='ocrx_word' id='word_1_16' title='bbox 351 587 525 668; x_wconf 82' lang='lat' dir='ltr'>martyrum</span> <span class='ocrx_word' id='word_1_17' title='bbox 539 587 716 669; x_wconf 82' lang='lat' dir='ltr'>passiones,</span> <span class='ocrx_word' id='word_1_18' title='bbox 738 606 815 669; x_wconf 89' lang='lat' dir='ltr'>quas</span> <span class='ocrx_word' id='word_1_19' title='bbox 831 588 1029 653; x_wconf 86' lang='lat' dir='ltr'>conectendas</span> <span class='ocrx_word' id='word_1_20' title='bbox 1044 607 1104 654; x_wconf 91' lang='lat' dir='ltr'>non</span> <span class='ocrx_word' id='word_1_21' title='bbox 1118 590 1237 673; x_wconf 88' lang='lat' dir='ltr'>putaui,</span> 
     </span>
     <span class='ocr_line' id='line_1_4' title="bbox 98 688 603 769; baseline 0.004 -18"><span class='ocrx_word' id='word_1_22' title='bbox 98 707 136 751; x_wconf 92' lang='lat' dir='ltr'>ne</span> <span class='ocrx_word' id='word_1_23' title='bbox 151 688 289 752; x_wconf 92' lang='lat' dir='ltr'>modum</span> <span class='ocrx_word' id='word_1_24' title='bbox 304 688 404 769; x_wconf 91' lang='lat' dir='ltr'>operis</span> <span class='ocrx_word' id='word_1_25' title='bbox 420 690 603 753; x_wconf 75' lang='lat' dir='ltr'>excederem.</span> 
     </span>
     <span class='ocr_line' id='line_1_5' title="bbox 141 789 1289 875; baseline 0.001 -20"><span class='ocrx_word' id='word_1_26' title='bbox 141 789 207 855; x_wconf 88' lang='lat' dir='ltr'>Sed</span> <span class='ocrx_word' id='word_1_27' title='bbox 228 789 301 855; x_wconf 92' lang='lat' dir='ltr'>finis</span> <span class='ocrx_word' id='word_1_28' title='bbox 315 792 535 874; x_wconf 80' lang='lat' dir='ltr'>persecutionis</span> <span class='ocrx_word' id='word_1_29' title='bbox 556 792 643 857; x_wconf 86' lang='lat' dir='ltr'>illius</span> <span class='ocrx_word' id='word_1_30' title='bbox 664 792 727 858; x_wconf 87' lang='lat' dir='ltr'>fuit</span> <span class='ocrx_word' id='word_1_31' title='bbox 748 793 860 858; x_wconf 81' lang='lat' dir='ltr'>abhinc</span> <span class='ocrx_word' id='word_1_32' title='bbox 882 811 975 859; x_wconf 91' lang='lat' dir='ltr'>annos</span> <span class='ocrx_word' id='word_1_33' title='bbox 990 812 1069 859; x_wconf 91' lang='lat' dir='ltr'>v1111</span> <span class='ocrx_word' id='word_1_34' title='bbox 1085 795 1116 859; x_wconf 90' lang='lat' dir='ltr'>et</span> <span class='ocrx_word' id='word_1_35' title='bbox 1130 792 1289 875; x_wconf 75' lang='lat' dir='ltr'>nxxx,33</span> 
     </span>
     <span class='ocr_line' id='line_1_6' title="bbox 74 893 1239 980; baseline 0.004 -22"><span class='ocrx_word' id='word_1_36' title='bbox 74 914 114 958; x_wconf 74' lang='lat' dir='ltr'>sa</span> <span class='ocrx_word' id='word_1_37' title='bbox 143 910 210 975; x_wconf 91' lang='lat' dir='ltr'>quo</span> <span class='ocrx_word' id='word_1_38' title='bbox 233 895 378 976; x_wconf 86' lang='lat' dir='ltr'>tempore</span> <span class='ocrx_word' id='word_1_39' title='bbox 405 893 573 960; x_wconf 77' lang='lat' dir='ltr'>Christiani</span> <span class='ocrx_word' id='word_1_40' title='bbox 594 896 796 978; x_wconf 87' lang='lat' dir='ltr'>imperatores</span> <span class='ocrx_word' id='word_1_41' title='bbox 824 914 889 961; x_wconf 89' lang='lat' dir='ltr'>esse</span> <span class='ocrx_word' id='word_1_42' title='bbox 912 899 1083 979; x_wconf 85' lang='lat' dir='ltr'>coepenmt.</span> <span class='ocrx_word' id='word_1_43' title='bbox 1106 916 1239 980; x_wconf 90' lang='lat' dir='ltr'>namque</span> 
     </span>
     <span class='ocr_line' id='line_1_7' title="bbox 94 994 1238 1082; baseline 0.004 -22"><span class='ocrx_word' id='word_1_44' title='bbox 94 999 169 1060; x_wconf 91' lang='lat' dir='ltr'>tum</span> <span class='ocrx_word' id='word_1_45' title='bbox 187 994 410 1063; x_wconf 79' lang='lat' dir='ltr'>Constantinus</span> <span class='ocrx_word' id='word_1_46' title='bbox 425 1016 529 1063; x_wconf 92' lang='lat' dir='ltr'>rerum</span> <span class='ocrx_word' id='word_1_47' title='bbox 543 999 734 1082; x_wconf 89' lang='lat' dir='ltr'>potiebatur,</span> <span class='ocrx_word' id='word_1_48' title='bbox 757 999 811 1081; x_wconf 94' lang='lat' dir='ltr'>qui</span> <span class='ocrx_word' id='word_1_49' title='bbox 831 999 950 1080; x_wconf 88' lang='lat' dir='ltr'>primus</span> <span class='ocrx_word' id='word_1_50' title='bbox 972 1000 1109 1065; x_wconf 88' lang='lat' dir='ltr'>omnium</span> <span class='ocrx_word' id='word_1_51' title='bbox 1124 1000 1238 1065; x_wconf 87' lang='lat' dir='ltr'>Roma-</span> 
     </span>
     <span class='ocr_line' id='line_1_8' title="bbox 95 1098 1267 1186; baseline 0.009 -24"><span class='ocrx_word' id='word_1_52' title='bbox 95 1117 214 1163; x_wconf 87' lang='lat' dir='ltr'>norum</span> <span class='ocrx_word' id='word_1_53' title='bbox 237 1100 412 1181; x_wconf 88' lang='lat' dir='ltr'>principum</span> <span class='ocrx_word' id='word_1_54' title='bbox 436 1098 628 1167; x_wconf 85' lang='lat' dir='ltr'>Christianus</span> <span class='ocrx_word' id='word_1_55' title='bbox 651 1102 720 1166; x_wconf 85' lang='lat' dir='ltr'>fuit.</span> <span class='ocrx_word' id='word_1_56' title='bbox 751 1120 823 1167; x_wconf 90' lang='lat' dir='ltr'>sane</span> <span class='ocrx_word' id='word_1_57' title='bbox 849 1104 919 1167; x_wconf 92' lang='lat' dir='ltr'>tum</span> <span class='ocrx_word' id='word_1_58' title='bbox 934 1102 1085 1181; x_wconf 87' lang='lat' dir='ltr'>Licinius,</span> <span class='ocrx_word' id='word_1_59' title='bbox 1109 1103 1162 1186; x_wconf 93' lang='lat' dir='ltr'>qui</span> <span class='ocrx_word' id='word_1_60' title='bbox 1183 1104 1267 1172; x_wconf 82' lang='lat' dir='ltr'>ad-2</span> 
     </span>
     <span class='ocr_line' id='line_1_9' title="bbox 95 1201 1239 1285; baseline 0.004 -19"><span class='ocrx_word' id='word_1_61' title='bbox 95 1222 232 1267; x_wconf 90' lang='lat' dir='ltr'>uersum</span> <span class='ocrx_word' id='word_1_62' title='bbox 255 1201 492 1268; x_wconf 89' lang='lat' dir='ltr'>Constantinum</span> <span class='ocrx_word' id='word_1_63' title='bbox 513 1204 551 1269; x_wconf 94' lang='lat' dir='ltr'>de</span> <span class='ocrx_word' id='word_1_64' title='bbox 572 1205 701 1285; x_wconf 92' lang='lat' dir='ltr'>imperio</span> <span class='ocrx_word' id='word_1_65' title='bbox 729 1205 877 1282; x_wconf 83' lang='lat' dir='ltr'>certauit,</span> <span class='ocrx_word' id='word_1_66' title='bbox 911 1205 1028 1271; x_wconf 91' lang='lat' dir='ltr'>milites</span> <span class='ocrx_word' id='word_1_67' title='bbox 1057 1224 1126 1271; x_wconf 90' lang='lat' dir='ltr'>suos</span> <span class='ocrx_word' id='word_1_68' title='bbox 1148 1207 1239 1271; x_wconf 85' lang='lat' dir='ltr'>litare</span> 
     </span>
     <span class='ocr_line' id='line_1_10' title="bbox 96 1305 1239 1392; baseline 0.004 -23"><span class='ocrx_word' id='word_1_69' title='bbox 96 1307 320 1386; x_wconf 70' lang='lat' dir='ltr'>praeceperat:</span> <span class='ocrx_word' id='word_1_70' title='bbox 349 1305 516 1372; x_wconf 88' lang='lat' dir='ltr'>abnuentes</span> <span class='ocrx_word' id='word_1_71' title='bbox 538 1307 655 1371; x_wconf 89' lang='lat' dir='ltr'>militia</span> <span class='ocrx_word' id='word_1_72' title='bbox 675 1307 831 1372; x_wconf 88' lang='lat' dir='ltr'>reiciebat.</span> <span class='ocrx_word' id='word_1_73' title='bbox 861 1308 914 1373; x_wconf 90' lang='lat' dir='ltr'>sed</span> <span class='ocrx_word' id='word_1_74' title='bbox 941 1308 974 1372; x_wconf 94' lang='lat' dir='ltr'>id</span> <span class='ocrx_word' id='word_1_75' title='bbox 996 1310 1076 1373; x_wconf 91' lang='lat' dir='ltr'>iuter</span> <span class='ocrx_word' id='word_1_76' title='bbox 1097 1328 1239 1392; x_wconf 90' lang='lat' dir='ltr'>persecu·</span> 
     </span>
     <span class='ocr_line' id='line_1_11' title="bbox 10 1410 1239 1493; baseline 0.003 -22"><span class='ocrx_word' id='word_1_77' title='bbox 10 1451 11 1462; x_wconf 23' lang='grc' dir='ltr'><strong>η</strong></span> <span class='ocrx_word' id='word_1_78' title='bbox 61 1433 86 1472; x_wconf 76' lang='grc' dir='ltr'>ιο</span> <span class='ocrx_word' id='word_1_79' title='bbox 94 1410 200 1473; x_wconf 90' lang='lat' dir='ltr'>tiones</span> <span class='ocrx_word' id='word_1_80' title='bbox 224 1426 288 1473; x_wconf 90' lang='lat' dir='ltr'>non</span> <span class='ocrx_word' id='word_1_81' title='bbox 310 1410 523 1492; x_wconf 91' lang='lat' dir='ltr'>computatur:</span> <span class='ocrx_word' id='word_1_82' title='bbox 548 1410 624 1474; x_wconf 90' lang='lat' dir='ltr'>adeo</span> <span class='ocrx_word' id='word_1_83' title='bbox 646 1430 695 1475; x_wconf 92' lang='lat' dir='ltr'>res</span> <span class='ocrx_word' id='word_1_84' title='bbox 715 1410 841 1475; x_wconf 86' lang='lat' dir='ltr'>leuioris</span> <span class='ocrx_word' id='word_1_85' title='bbox 862 1411 979 1493; x_wconf 88' lang='lat' dir='ltr'>negotii</span> <span class='ocrx_word' id='word_1_86' title='bbox 993 1410 1070 1489; x_wconf 90' lang='lat' dir='ltr'>fuit,</span> <span class='ocrx_word' id='word_1_87' title='bbox 1094 1432 1187 1493; x_wconf 89' lang='lat' dir='ltr'>quam</span> <span class='ocrx_word' id='word_1_88' title='bbox 1202 1413 1239 1476; x_wconf 87' lang='lat' dir='ltr'>ut</span> 
     </span>
     <span class='ocr_line' id='line_1_12' title="bbox 95 1511 1267 1597; baseline 0 -21"><span class='ocrx_word' id='word_1_89' title='bbox 95 1512 134 1576; x_wconf 90' lang='lat' dir='ltr'>ad</span> <span class='ocrx_word' id='word_1_90' title='bbox 150 1511 360 1576; x_wconf 87' lang='lat' dir='ltr'>ecclesiarum</span> <span class='ocrx_word' id='word_1_91' title='bbox 375 1511 503 1577; x_wconf 91' lang='lat' dir='ltr'>uulnera</span> <span class='ocrx_word' id='word_1_92' title='bbox 516 1513 698 1594; x_wconf 91' lang='lat' dir='ltr'>perueniret.</span> <span class='ocrx_word' id='word_1_93' title='bbox 723 1513 831 1577; x_wconf 80' lang='lat' dir='ltr'>exinde</span> <span class='ocrx_word' id='word_1_94' title='bbox 853 1514 1030 1595; x_wconf 89' lang='lat' dir='ltr'>tranquillis</span> <span class='ocrx_word' id='word_1_95' title='bbox 1052 1515 1143 1579; x_wconf 89' lang='lat' dir='ltr'>rebus</span> <span class='ocrx_word' id='word_1_96' title='bbox 1163 1523 1267 1597; x_wconf 71' lang='lat' dir='ltr'>pacet</span> 
     </span>
     <span class='ocr_line' id='line_1_13' title="bbox 93 1614 1237 1697; baseline 0.003 -20"><span class='ocrx_word' id='word_1_97' title='bbox 93 1614 307 1696; x_wconf 86' lang='lat' dir='ltr'>perfruimur:</span> <span class='ocrx_word' id='word_1_98' title='bbox 322 1633 421 1696; x_wconf 92' lang='lat' dir='ltr'>neque</span> <span class='ocrx_word' id='word_1_99' title='bbox 433 1614 564 1680; x_wconf 90' lang='lat' dir='ltr'>ulterius</span> <span class='ocrx_word' id='word_1_100' title='bbox 575 1616 819 1697; x_wconf 81' lang='lat' dir='ltr'>persecutionem</span> <span class='ocrx_word' id='word_1_101' title='bbox 831 1616 896 1681; x_wconf 89' lang='lat' dir='ltr'>fore</span> <span class='ocrx_word' id='word_1_102' title='bbox 907 1617 1069 1695; x_wconf 90' lang='lat' dir='ltr'>oredimus,</span> <span class='ocrx_word' id='word_1_103' title='bbox 1086 1618 1147 1683; x_wconf 90' lang='lat' dir='ltr'>nisi</span> <span class='ocrx_word' id='word_1_104' title='bbox 1158 1637 1237 1696; x_wconf 90' lang='lat' dir='ltr'>eam,</span> 
     </span>
     <span class='ocr_line' id='line_1_14' title="bbox 95 1716 1238 1799; baseline 0.004 -18"><span class='ocrx_word' id='word_1_105' title='bbox 95 1737 194 1799; x_wconf 88' lang='lat' dir='ltr'>quam</span> <span class='ocrx_word' id='word_1_106' title='bbox 220 1716 280 1781; x_wconf 93' lang='lat' dir='ltr'>sub</span> <span class='ocrx_word' id='word_1_107' title='bbox 302 1716 362 1781; x_wconf 91' lang='lat' dir='ltr'>fine</span> <span class='ocrx_word' id='word_1_108' title='bbox 384 1717 449 1781; x_wconf 91' lang='lat' dir='ltr'>iam</span> <span class='ocrx_word' id='word_1_109' title='bbox 471 1718 586 1783; x_wconf 88' lang='lat' dir='ltr'>saeculi</span> <span class='ocrx_word' id='word_1_110' title='bbox 601 1718 814 1783; x_wconf 87' lang='lat' dir='ltr'>Antichristus</span> <span class='ocrx_word' id='word_1_111' title='bbox 829 1720 988 1785; x_wconf 85' lang='lat' dir='ltr'>exercebit.</span> <span class='ocrx_word' id='word_1_112' title='bbox 1013 1721 1128 1785; x_wconf 91' lang='lat' dir='ltr'>etenim</span> <span class='ocrx_word' id='word_1_113' title='bbox 1143 1721 1238 1785; x_wconf 90' lang='lat' dir='ltr'>sacris</span> 
     </span>
     <span class='ocr_line' id='line_1_15' title="bbox 94 1820 1238 1905; baseline 0.005 -22"><span class='ocrx_word' id='word_1_114' title='bbox 94 1820 231 1884; x_wconf 89' lang='lat' dir='ltr'>uocibus</span> <span class='ocrx_word' id='word_1_115' title='bbox 247 1820 355 1883; x_wconf 89' lang='lat' dir='ltr'>decem</span> <span class='ocrx_word' id='word_1_116' title='bbox 367 1820 469 1903; x_wconf 78' lang='lat' dir='ltr'>plagis</span> <span class='ocrx_word' id='word_1_117' title='bbox 485 1821 635 1885; x_wconf 90' lang='lat' dir='ltr'>mundum</span> <span class='ocrx_word' id='word_1_118' title='bbox 651 1821 849 1885; x_wconf 85' lang='lat' dir='ltr'>afficiendum</span> <span class='ocrx_word' id='word_1_119' title='bbox 864 1823 1098 1905; x_wconf 87' lang='lat' dir='ltr'>pronuntiatum</span> <span class='ocrx_word' id='word_1_120' title='bbox 1114 1825 1176 1889; x_wconf 90' lang='lat' dir='ltr'>est:</span> <span class='ocrx_word' id='word_1_121' title='bbox 1192 1824 1238 1889; x_wconf 90' lang='lat' dir='ltr'>ita</span> 
     </span>
     <span class='ocr_line' id='line_1_16' title="bbox 10 1921 1267 2008; baseline 0.009 -28"><span class='ocrx_word' id='word_1_122' title='bbox 10 1959 11 1980; x_wconf 50' lang='lat' dir='ltr'>r</span> <span class='ocrx_word' id='word_1_123' title='bbox 62 1942 169 1987; x_wconf 78' lang='lat' dir='ltr'>scum</span> <span class='ocrx_word' id='word_1_124' title='bbox 184 1924 254 1987; x_wconf 88' lang='lat' dir='ltr'>iam</span> <span class='ocrx_word' id='word_1_125' title='bbox 269 1941 348 1987; x_wconf 86' lang='lat' dir='ltr'>v1111</span> <span class='ocrx_word' id='word_1_126' title='bbox 370 1921 499 2000; x_wconf 88' lang='lat' dir='ltr'>fuerint,</span> <span class='ocrx_word' id='word_1_127' title='bbox 523 1943 600 2005; x_wconf 92' lang='lat' dir='ltr'>quae</span> <span class='ocrx_word' id='word_1_128' title='bbox 615 1925 754 2005; x_wconf 86' lang='lat' dir='ltr'>superest</span> <span class='ocrx_word' id='word_1_129' title='bbox 770 1924 883 1989; x_wconf 90' lang='lat' dir='ltr'>ultima</span> <span class='ocrx_word' id='word_1_130' title='bbox 898 1926 964 1990; x_wconf 90' lang='lat' dir='ltr'>erit.</span> <span class='ocrx_word' id='word_1_131' title='bbox 988 1927 1045 1990; x_wconf 90' lang='lat' dir='ltr'>hoc</span> <span class='ocrx_word' id='word_1_132' title='bbox 1065 1928 1267 2008; x_wconf 89' lang='lat' dir='ltr'>tempomm4</span> 
     </span>
     <span class='ocr_line' id='line_1_17' title="bbox 92 2025 1239 2111; baseline 0.002 -20"><span class='ocrx_word' id='word_1_133' title='bbox 92 2028 203 2091; x_wconf 85' lang='lat' dir='ltr'>tractu</span> <span class='ocrx_word' id='word_1_134' title='bbox 233 2025 349 2089; x_wconf 89' lang='lat' dir='ltr'>mirum</span> <span class='ocrx_word' id='word_1_135' title='bbox 375 2028 422 2091; x_wconf 90' lang='lat' dir='ltr'>est</span> <span class='ocrx_word' id='word_1_136' title='bbox 449 2028 599 2107; x_wconf 90' lang='lat' dir='ltr'>quantum</span> <span class='ocrx_word' id='word_1_137' title='bbox 627 2027 795 2091; x_wconf 90' lang='lat' dir='ltr'>inualuerit</span> <span class='ocrx_word' id='word_1_138' title='bbox 821 2027 929 2111; x_wconf 84' lang='lat' dir='ltr'>religio</span> <span class='ocrx_word' id='word_1_139' title='bbox 958 2027 1140 2094; x_wconf 86' lang='lat' dir='ltr'>Christiana.</span> <span class='ocrx_word' id='word_1_140' title='bbox 1170 2031 1239 2093; x_wconf 90' lang='lat' dir='ltr'>tum</span> 
     </span>
     <span class='ocr_line' id='line_1_18' title="bbox 10 2128 1238 2215; baseline 0.002 -21"><span class='ocrx_word' id='word_1_141' title='bbox 10 2137 11 2150; x_wconf 63' lang='lat'>¹</span> <span class='ocrx_word' id='word_1_142' title='bbox 94 2130 258 2211; x_wconf 85' lang='lat' dir='ltr'>siquidem</span> <span class='ocrx_word' id='word_1_143' title='bbox 283 2128 497 2212; x_wconf 83' lang='lat' dir='ltr'>Hierosolyma</span> <span class='ocrx_word' id='word_1_144' title='bbox 517 2129 642 2194; x_wconf 87' lang='lat' dir='ltr'>horrens</span> <span class='ocrx_word' id='word_1_145' title='bbox 668 2130 765 2194; x_wconf 91' lang='lat' dir='ltr'>ruinis</span> <span class='ocrx_word' id='word_1_146' title='bbox 786 2130 1044 2211; x_wconf 86' lang='lat' dir='ltr'>frequentissimis</span> <span class='ocrx_word' id='word_1_147' title='bbox 1065 2150 1101 2196; x_wconf 92' lang='lat' dir='ltr'>ac</span> <span class='ocrx_word' id='word_1_148' title='bbox 1115 2132 1238 2215; x_wconf 87' lang='lat' dir='ltr'>magni-</span> 
     </span>
     <span class='ocr_line' id='line_1_19' title="bbox 94 2231 1265 2315; baseline 0.003 -20"><span class='ocrx_word' id='word_1_149' title='bbox 94 2232 314 2297; x_wconf 89' lang='lat' dir='ltr'>ficentissimis</span> <span class='ocrx_word' id='word_1_150' title='bbox 329 2231 465 2297; x_wconf 89' lang='lat' dir='ltr'>ecelesiis</span> <span class='ocrx_word' id='word_1_151' title='bbox 481 2232 636 2297; x_wconf 91' lang='lat' dir='ltr'>adornata.</span> <span class='ocrx_word' id='word_1_152' title='bbox 660 2251 793 2313; x_wconf 91' lang='lat' dir='ltr'>namque</span> <span class='ocrx_word' id='word_1_153' title='bbox 808 2233 941 2311; x_wconf 87' lang='lat' dir='ltr'>Helena,</span> <span class='ocrx_word' id='word_1_154' title='bbox 970 2235 1070 2299; x_wconf 89' lang='lat' dir='ltr'>mater</span> <span class='ocrx_word' id='word_1_155' title='bbox 1091 2235 1265 2315; x_wconf 82' lang='lat' dir='ltr'>principis5</span> 
     </span>
     <span class='ocr_line' id='line_1_20' title="bbox 95 2334 1237 2419; baseline -0.001 -19"><span class='ocrx_word' id='word_1_156' title='bbox 95 2335 315 2412; x_wconf 80' lang='lat' dir='ltr'>Constantini,</span> <span class='ocrx_word' id='word_1_157' title='bbox 343 2353 421 2416; x_wconf 92' lang='lat' dir='ltr'>quae</span> <span class='ocrx_word' id='word_1_158' title='bbox 443 2334 588 2418; x_wconf 82' lang='lat' dir='ltr'>Augusta</span> <span class='ocrx_word' id='word_1_159' title='bbox 610 2354 681 2399; x_wconf 89' lang='lat' dir='ltr'>cum</span> <span class='ocrx_word' id='word_1_160' title='bbox 703 2335 767 2398; x_wconf 93' lang='lat' dir='ltr'>filio</span> <span class='ocrx_word' id='word_1_161' title='bbox 791 2336 1009 2419; x_wconf 84' lang='lat' dir='ltr'>conregnabat,</span> <span class='ocrx_word' id='word_1_162' title='bbox 1033 2354 1104 2400; x_wconf 88' lang='lat' dir='ltr'>oum</span> <span class='ocrx_word' id='word_1_163' title='bbox 1125 2337 1237 2401; x_wconf 90' lang='lat' dir='ltr'>Hiero-</span> 
     </span>
     <span class='ocr_line' id='line_1_21' title="bbox 66 2438 1237 2521; baseline 0.003 -22"><span class='ocrx_word' id='word_1_164' title='bbox 66 2439 259 2521; x_wconf 81' lang='lat' dir='ltr'>asolymam</span> <span class='ocrx_word' id='word_1_165' title='bbox 282 2456 445 2521; x_wconf 85' lang='lat' dir='ltr'>agnoscere</span> <span class='ocrx_word' id='word_1_166' title='bbox 466 2439 671 2519; x_wconf 87' lang='lat' dir='ltr'>concupisset,</span> <span class='ocrx_word' id='word_1_167' title='bbox 694 2438 815 2520; x_wconf 88' lang='lat' dir='ltr'>reperta</span> <span class='ocrx_word' id='word_1_168' title='bbox 830 2438 875 2502; x_wconf 92' lang='lat' dir='ltr'>ibi</span> <span class='ocrx_word' id='word_1_169' title='bbox 889 2439 972 2503; x_wconf 91' lang='lat' dir='ltr'>idola</span> <span class='ocrx_word' id='word_1_170' title='bbox 987 2457 1022 2504; x_wconf 88' lang='lat' dir='ltr'>ao</span> <span class='ocrx_word' id='word_1_171' title='bbox 1036 2438 1153 2520; x_wconf 90' lang='lat' dir='ltr'>templa</span> <span class='ocrx_word' id='word_1_172' title='bbox 1167 2458 1237 2520; x_wconf 90' lang='lat' dir='ltr'>pro-</span> 
     </span>
     <span class='ocr_line' id='line_1_22' title="bbox 99 2540 1237 2623; baseline 0.001 -17"><span class='ocrx_word' id='word_1_173' title='bbox 99 2542 212 2606; x_wconf 89' lang='lat' dir='ltr'>triuit:</span> <span class='ocrx_word' id='word_1_174' title='bbox 237 2558 308 2604; x_wconf 85' lang='lat' dir='ltr'>mor</span> <span class='ocrx_word' id='word_1_175' title='bbox 331 2560 387 2605; x_wconf 87' lang='lat' dir='ltr'>usa</span> <span class='ocrx_word' id='word_1_176' title='bbox 408 2541 495 2623; x_wconf 82' lang='lat' dir='ltr'>regni</span> <span class='ocrx_word' id='word_1_177' title='bbox 517 2540 635 2605; x_wconf 87' lang='lat' dir='ltr'>uiribus</span> <span class='ocrx_word' id='word_1_178' title='bbox 657 2541 802 2605; x_wconf 87' lang='lat' dir='ltr'>basilicas</span> <span class='ocrx_word' id='word_1_179' title='bbox 824 2542 857 2604; x_wconf 90' lang='lat' dir='ltr'>in</span> <span class='ocrx_word' id='word_1_180' title='bbox 878 2542 943 2605; x_wconf 91' lang='lat' dir='ltr'>loco</span> <span class='ocrx_word' id='word_1_181' title='bbox 965 2542 1144 2607; x_wconf 88' lang='lat' dir='ltr'>Dominicae</span> <span class='ocrx_word' id='word_1_182' title='bbox 1165 2561 1237 2623; x_wconf 89' lang='lat' dir='ltr'>pas·</span> 
     </span>
     <span class='ocr_line' id='line_1_23' title="bbox 98 2644 1267 2722; baseline 0.001 -14"><span class='ocrx_word' id='word_1_183' title='bbox 98 2644 198 2709; x_wconf 88' lang='lat' dir='ltr'>sionis</span> <span class='ocrx_word' id='word_1_184' title='bbox 230 2646 263 2707; x_wconf 93' lang='lat' dir='ltr'>et</span> <span class='ocrx_word' id='word_1_185' title='bbox 292 2644 521 2707; x_wconf 91' lang='lat' dir='ltr'>resurrectionis</span> <span class='ocrx_word' id='word_1_186' title='bbox 550 2645 582 2708; x_wconf 92' lang='lat' dir='ltr'>et</span> <span class='ocrx_word' id='word_1_187' title='bbox 611 2644 795 2709; x_wconf 88' lang='lat' dir='ltr'>ascensionis</span> <span class='ocrx_word' id='word_1_188' title='bbox 816 2644 985 2709; x_wconf 87' lang='lat' dir='ltr'>constituit.</span> <span class='ocrx_word' id='word_1_189' title='bbox 1014 2644 1093 2708; x_wconf 92' lang='lat' dir='ltr'>illud</span> <span class='ocrx_word' id='word_1_190' title='bbox 1112 2644 1267 2722; x_wconf 84' lang='lat' dir='ltr'>mirum,6</span> 
     </span>
     <span class='ocr_line' id='line_1_24' title="bbox 99 2746 1238 2830; baseline 0.003 -19"><span class='ocrx_word' id='word_1_191' title='bbox 99 2748 184 2829; x_wconf 90' lang='lat' dir='ltr'>quod</span> <span class='ocrx_word' id='word_1_192' title='bbox 207 2746 295 2811; x_wconf 92' lang='lat' dir='ltr'>locus</span> <span class='ocrx_word' id='word_1_193' title='bbox 317 2746 386 2824; x_wconf 91' lang='lat' dir='ltr'>ille,</span> <span class='ocrx_word' id='word_1_194' title='bbox 419 2746 452 2810; x_wconf 91' lang='lat' dir='ltr'>in</span> <span class='ocrx_word' id='word_1_195' title='bbox 474 2764 533 2827; x_wconf 93' lang='lat' dir='ltr'>quo</span> <span class='ocrx_word' id='word_1_196' title='bbox 555 2749 746 2828; x_wconf 91' lang='lat' dir='ltr'>postremum</span> <span class='ocrx_word' id='word_1_197' title='bbox 768 2747 946 2811; x_wconf 87' lang='lat' dir='ltr'>institerant</span> <span class='ocrx_word' id='word_1_198' title='bbox 968 2747 1074 2813; x_wconf 91' lang='lat' dir='ltr'>diuina</span> <span class='ocrx_word' id='word_1_199' title='bbox 1096 2747 1238 2830; x_wconf 84' lang='lat' dir='ltr'>uestigia,</span> 
     </span>
     <span class='ocr_line' id='line_1_25' title="bbox 100 2848 1239 2931; baseline 0.001 -18"><span class='ocrx_word' id='word_1_200' title='bbox 100 2869 174 2913; x_wconf 89' lang='lat' dir='ltr'>cum</span> <span class='ocrx_word' id='word_1_201' title='bbox 198 2850 234 2913; x_wconf 92' lang='lat' dir='ltr'>in</span> <span class='ocrx_word' id='word_1_202' title='bbox 256 2848 376 2913; x_wconf 89' lang='lat' dir='ltr'>caelum</span> <span class='ocrx_word' id='word_1_203' title='bbox 399 2849 550 2913; x_wconf 92' lang='lat' dir='ltr'>Dominus</span> <span class='ocrx_word' id='word_1_204' title='bbox 571 2849 652 2914; x_wconf 92' lang='lat' dir='ltr'>nube</span> <span class='ocrx_word' id='word_1_205' title='bbox 675 2849 833 2927; x_wconf 89' lang='lat' dir='ltr'>sublatus,</span> <span class='ocrx_word' id='word_1_206' title='bbox 863 2851 1034 2915; x_wconf 85' lang='lat' dir='ltr'>continuari</span> <span class='ocrx_word' id='word_1_207' title='bbox 1061 2850 1239 2931; x_wconf 89' lang='lat' dir='ltr'>pauimento</span> 
     </span>
     <span class='ocr_line' id='line_1_26' title="bbox 67 2952 1267 3036; baseline 0.001 -20"><span class='ocrx_word' id='word_1_208' title='bbox 67 2972 175 3017; x_wconf 80' lang='lat' dir='ltr'>scum</span> <span class='ocrx_word' id='word_1_209' title='bbox 199 2952 321 3034; x_wconf 91' lang='lat' dir='ltr'>reliqua</span> <span class='ocrx_word' id='word_1_210' title='bbox 342 2953 511 3017; x_wconf 89' lang='lat' dir='ltr'>stratorum</span> <span class='ocrx_word' id='word_1_211' title='bbox 532 2954 620 3033; x_wconf 90' lang='lat' dir='ltr'>parte</span> <span class='ocrx_word' id='word_1_212' title='bbox 639 2970 700 3016; x_wconf 91' lang='lat' dir='ltr'>non</span> <span class='ocrx_word' id='word_1_213' title='bbox 721 2953 839 3034; x_wconf 90' lang='lat' dir='ltr'>potuit,</span> <span class='ocrx_word' id='word_1_214' title='bbox 863 2953 1016 3034; x_wconf 91' lang='lat' dir='ltr'>siquidem</span> <span class='ocrx_word' id='word_1_215' title='bbox 1031 2956 1267 3036; x_wconf 61' lang='lat' dir='ltr'>quaecumque?</span> 
     </span>
     <span class='ocr_line' id='line_1_27' title="bbox 99 3054 1239 3138; baseline 0.002 -19"><span class='ocrx_word' id='word_1_216' title='bbox 99 3054 357 3138; x_wconf 88' lang='lat' dir='ltr'>applicabantur,</span> <span class='ocrx_word' id='word_1_217' title='bbox 392 3055 525 3120; x_wconf 90' lang='lat' dir='ltr'>insolens</span> <span class='ocrx_word' id='word_1_218' title='bbox 546 3054 684 3120; x_wconf 91' lang='lat' dir='ltr'>humana</span> <span class='ocrx_word' id='word_1_219' title='bbox 707 3056 860 3138; x_wconf 89' lang='lat' dir='ltr'>suscipere</span> <span class='ocrx_word' id='word_1_220' title='bbox 882 3058 965 3121; x_wconf 89' lang='lat' dir='ltr'>terra</span> <span class='ocrx_word' id='word_1_221' title='bbox 987 3059 1158 3137; x_wconf 90' lang='lat' dir='ltr'>respueret,</span> <span class='ocrx_word' id='word_1_222' title='bbox 1188 3076 1239 3121; x_wconf 83' lang='lat' dir='ltr'>ex·</span> 
     </span>
     <span class='ocr_line' id='line_1_28' title="bbox 99 3158 1237 3240; baseline 0.001 -18"><span class='ocrx_word' id='word_1_223' title='bbox 99 3159 202 3223; x_wconf 87' lang='lat' dir='ltr'>cussis</span> <span class='ocrx_word' id='word_1_224' title='bbox 224 3158 259 3221; x_wconf 91' lang='lat' dir='ltr'>in</span> <span class='ocrx_word' id='word_1_225' title='bbox 279 3175 331 3222; x_wconf 89' lang='lat' dir='ltr'>ora</span> <span class='ocrx_word' id='word_1_226' title='bbox 352 3159 570 3239; x_wconf 89' lang='lat' dir='ltr'>apponentium</span> <span class='ocrx_word' id='word_1_227' title='bbox 586 3178 675 3239; x_wconf 87' lang='lat' dir='ltr'>saepe</span> <span class='ocrx_word' id='word_1_228' title='bbox 689 3159 903 3223; x_wconf 89' lang='lat' dir='ltr'>marmoribus.</span> <span class='ocrx_word' id='word_1_229' title='bbox 929 3160 1113 3240; x_wconf 87' lang='lat' dir='ltr'>quinetiam</span> <span class='ocrx_word' id='word_1_230' title='bbox 1129 3159 1237 3223; x_wconf 87' lang='lat' dir='ltr'>caloat&#39;</span> 
     </span>
     <span class='ocr_line' id='line_1_29' title="bbox 97 3261 1238 3345; baseline 0.001 -20"><span class='ocrx_word' id='word_1_231' title='bbox 97 3262 166 3325; x_wconf 89' lang='lat' dir='ltr'>Deo</span> <span class='ocrx_word' id='word_1_232' title='bbox 182 3261 323 3343; x_wconf 90' lang='lat' dir='ltr'>pulueris</span> <span class='ocrx_word' id='word_1_233' title='bbox 339 3261 414 3324; x_wconf 88' lang='lat' dir='ltr'>adeo</span> <span class='ocrx_word' id='word_1_234' title='bbox 428 3280 558 3342; x_wconf 91' lang='lat' dir='ltr'>perenne</span> <span class='ocrx_word' id='word_1_235' title='bbox 574 3262 792 3325; x_wconf 87' lang='lat' dir='ltr'>documentum</span> <span class='ocrx_word' id='word_1_236' title='bbox 808 3262 870 3339; x_wconf 90' lang='lat' dir='ltr'>est,</span> <span class='ocrx_word' id='word_1_237' title='bbox 887 3262 923 3324; x_wconf 92' lang='lat' dir='ltr'>ut</span> <span class='ocrx_word' id='word_1_238' title='bbox 938 3262 1072 3345; x_wconf 85' lang='lat' dir='ltr'>uestigia</span> <span class='ocrx_word' id='word_1_239' title='bbox 1086 3262 1238 3343; x_wconf 89' lang='lat' dir='ltr'>impressa</span> 
     </span>
     <span class='ocr_line' id='line_1_30' title="bbox 97 3363 1267 3440; baseline 0.003 -13"><span class='ocrx_word' id='word_1_240' title='bbox 97 3365 290 3440; x_wconf 88' lang='lat' dir='ltr'>cernantur,</span> <span class='ocrx_word' id='word_1_241' title='bbox 324 3364 356 3427; x_wconf 91' lang='lat' dir='ltr'>et</span> <span class='ocrx_word' id='word_1_242' title='bbox 377 3381 449 3427; x_wconf 92' lang='lat' dir='ltr'>cum</span> <span class='ocrx_word' id='word_1_243' title='bbox 470 3364 582 3427; x_wconf 90' lang='lat' dir='ltr'>cotidie</span> <span class='ocrx_word' id='word_1_244' title='bbox 604 3363 823 3428; x_wconf 84' lang='lat' dir='ltr'>confluentium</span> <span class='ocrx_word' id='word_1_245' title='bbox 844 3363 920 3428; x_wconf 90' lang='lat' dir='ltr'>fides</span> <span class='ocrx_word' id='word_1_246' title='bbox 943 3365 1086 3429; x_wconf 87' lang='lat' dir='ltr'>certatim</span> <span class='ocrx_word' id='word_1_247' title='bbox 1107 3365 1267 3430; x_wconf 89' lang='lat' dir='ltr'>Domin08</span> 
     </span>
     <span class='ocr_line' id='line_1_31' title="bbox 65 3466 1238 3547; baseline -0.001 -16"><span class='ocrx_word' id='word_1_248' title='bbox 65 3467 224 3531; x_wconf 71' lang='lat' dir='ltr'>ocalcata</span> <span class='ocrx_word' id='word_1_249' title='bbox 246 3466 394 3547; x_wconf 90' lang='lat' dir='ltr'>diripiat,</span> <span class='ocrx_word' id='word_1_250' title='bbox 418 3467 565 3531; x_wconf 91' lang='lat' dir='ltr'>damnum</span> <span class='ocrx_word' id='word_1_251' title='bbox 588 3468 693 3531; x_wconf 89' lang='lat' dir='ltr'>tamen</span> <span class='ocrx_word' id='word_1_252' title='bbox 716 3486 809 3531; x_wconf 89' lang='lat' dir='ltr'>arena</span> <span class='ocrx_word' id='word_1_253' title='bbox 829 3484 888 3531; x_wconf 92' lang='lat' dir='ltr'>non</span> <span class='ocrx_word' id='word_1_254' title='bbox 912 3468 1033 3545; x_wconf 87' lang='lat' dir='ltr'>sentiat,</span> <span class='ocrx_word' id='word_1_255' title='bbox 1058 3469 1089 3532; x_wconf 86' lang='lat' dir='ltr'>ot</span> <span class='ocrx_word' id='word_1_256' title='bbox 1112 3469 1238 3533; x_wconf 90' lang='lat' dir='ltr'>eandem</span> 
     </span>
    </p>
   </div>
   <div class='ocr_carea' id='block_1_3' title="bbox 97 3569 1238 3737">
    <p class='ocr_par' dir='ltr' id='par_1_3' title="bbox 97 3569 1238 3737">
     <span class='ocr_line' id='line_1_32' title="bbox 97 3569 1238 3653; baseline -0.002 -19"><span class='ocrx_word' id='word_1_257' title='bbox 97 3569 205 3634; x_wconf 89' lang='lat' dir='ltr'>adhuc</span> <span class='ocrx_word' id='word_1_258' title='bbox 238 3569 286 3633; x_wconf 92' lang='lat' dir='ltr'>sui</span> <span class='ocrx_word' id='word_1_259' title='bbox 319 3569 467 3649; x_wconf 87' lang='lat' dir='ltr'>speciem,</span> <span class='ocrx_word' id='word_1_260' title='bbox 505 3570 592 3633; x_wconf 91' lang='lat' dir='ltr'>uelut</span> <span class='ocrx_word' id='word_1_261' title='bbox 624 3570 782 3650; x_wconf 90' lang='lat' dir='ltr'>impressis</span> <span class='ocrx_word' id='word_1_262' title='bbox 811 3569 933 3651; x_wconf 82' lang='lat' dir='ltr'>signata</span> <span class='ocrx_word' id='word_1_263' title='bbox 961 3571 1119 3653; x_wconf 84' lang='lat' dir='ltr'>uestigiis,</span> <span class='ocrx_word' id='word_1_264' title='bbox 1156 3572 1238 3634; x_wconf 90' lang='lat' dir='ltr'>terra</span> 
     </span>
     <span class='ocr_line' id='line_1_33' title="bbox 98 3672 252 3737; baseline 0 -2"><span class='ocrx_word' id='word_1_265' title='bbox 98 3672 252 3737; x_wconf 88' lang='lat' dir='ltr'>custodit.</span> 
     </span>
    </p>
   </div>
   <div class='ocr_carea' id='block_1_4' title="bbox 208 3873 744 3944">
    <p class='ocr_par' dir='ltr' id='par_1_4' title="bbox 208 3873 744 3944">
     <span class='ocr_line' id='line_1_34' title="bbox 208 3873 744 3944; baseline -0.004 -13"><span class='ocrx_word' id='word_1_266' title='bbox 208 3873 319 3931; x_wconf 82' lang='lat'>18-29</span> <span class='ocrx_word' id='word_1_267' title='bbox 339 3874 448 3928; x_wconf 88' lang='lat' dir='ltr'>Paulini</span> <span class='ocrx_word' id='word_1_268' title='bbox 460 3892 499 3944; x_wconf 90' lang='lat' dir='ltr'>ep.</span> <span class='ocrx_word' id='word_1_269' title='bbox 514 3875 548 3928; x_wconf 89' lang='lat' dir='ltr'>ed</span> <span class='ocrx_word' id='word_1_270' title='bbox 560 3875 686 3929; x_wconf 83' lang='lat' dir='ltr'>Seuerum</span> <span class='ocrx_word' id='word_1_271' title='bbox 699 3876 744 3933; x_wconf 83' lang='lat'>31.</span> 
     </span>
    </p>
   </div>
   <div class='ocr_carea' id='block_1_5' title="bbox 103 4045 1239 4361">
    <p class='ocr_par' dir='ltr' id='par_1_5' title="bbox 103 4045 1239 4361">
     <span class='ocr_line' id='line_1_35' title="bbox 156 4045 1234 4116; baseline -0.004 -13"><span class='ocrx_word' id='word_1_272' title='bbox 156 4047 343 4116; x_wconf 86' lang='lat' dir='ltr'>lpraeclarae</span> <span class='ocrx_word' id='word_1_273' title='bbox 362 4049 393 4101; x_wconf 91' lang='lat' dir='ltr'>b:</span> <span class='ocrx_word' id='word_1_274' title='bbox 420 4048 600 4116; x_wconf 86' lang='lat' dir='ltr'>praecaraeP</span> <span class='ocrx_word' id='word_1_275' title='bbox 668 4048 878 4102; x_wconf 72' lang='lat' dir='ltr'>ficoneotandas</span> <span class='ocrx_word' id='word_1_276' title='bbox 897 4050 936 4114; x_wconf 92' lang='lat' dir='ltr'>P,</span> <span class='ocrx_word' id='word_1_277' title='bbox 965 4046 1155 4101; x_wconf 86' lang='lat' dir='ltr'>oouncctondas</span> <span class='ocrx_word' id='word_1_278' title='bbox 1174 4045 1234 4099; x_wconf 81' lang='lat' dir='ltr'>edd.</span> 
     </span>
     <span class='ocr_line' id='line_1_36' title="bbox 156 4131 1238 4200; baseline -0.004 -12"><span class='ocrx_word' id='word_1_279' title='bbox 156 4132 249 4200; x_wconf 73' lang='lat' dir='ltr'>&#39;lquia</span> <span class='ocrx_word' id='word_1_280' title='bbox 258 4132 399 4186; x_wconf 88' lang='lat' dir='ltr'>aduersum</span> <span class='ocrx_word' id='word_1_281' title='bbox 407 4134 440 4197; x_wconf 88' lang='lat' dir='ltr'>P,</span> <span class='ocrx_word' id='word_1_282' title='bbox 448 4150 494 4186; x_wconf 84' lang='lat' dir='ltr'>em.</span> <span class='ocrx_word' id='word_1_283' title='bbox 506 4134 599 4187; x_wconf 83' lang='lat' dir='ltr'>Voaolc</span> <span class='ocrx_word' id='word_1_284' title='bbox 647 4132 837 4189; x_wconf 86' lang='lat' dir='ltr'>18adhornata</span> <span class='ocrx_word' id='word_1_285' title='bbox 845 4135 877 4197; x_wconf 94' lang='lat' dir='ltr'>P,</span> <span class='ocrx_word' id='word_1_286' title='bbox 885 4133 1084 4187; x_wconf 84' lang='lat' dir='ltr'>ostadornatob</span> <span class='ocrx_word' id='word_1_287' title='bbox 1131 4131 1170 4187; x_wconf 83' lang='lat'>20</span> <span class='ocrx_word' id='word_1_288' title='bbox 1178 4147 1238 4185; x_wconf 91' lang='lat' dir='ltr'>con-</span> 
     </span>
     <span class='ocr_line' id='line_1_37' title="bbox 103 4218 1238 4289; baseline 0 -17"><span class='ocrx_word' id='word_1_289' title='bbox 103 4218 286 4287; x_wconf 86' lang='lat' dir='ltr'>cupisceretb</span> <span class='ocrx_word' id='word_1_290' title='bbox 340 4218 524 4287; x_wconf 78' lang='lat' dir='ltr'>21basylieas</span> <span class='ocrx_word' id='word_1_291' title='bbox 541 4220 575 4282; x_wconf 93' lang='lat' dir='ltr'>P,</span> <span class='ocrx_word' id='word_1_292' title='bbox 589 4218 762 4274; x_wconf 85' lang='lat' dir='ltr'>basilicamb</span> <span class='ocrx_word' id='word_1_293' title='bbox 825 4220 863 4276; x_wconf 84' lang='lat'>23</span> <span class='ocrx_word' id='word_1_294' title='bbox 884 4220 1008 4289; x_wconf 88' lang='lat' dir='ltr'>postrem&#39;</span> <span class='ocrx_word' id='word_1_295' title='bbox 1021 4218 1191 4287; x_wconf 80' lang='lat' dir='ltr'>(postremus)</span> <span class='ocrx_word' id='word_1_296' title='bbox 1211 4218 1238 4272; x_wconf 94' lang='lat' dir='ltr'><strong><em>P</em></strong></span> 
     </span>
     <span class='ocr_line' id='line_1_38' title="bbox 105 4302 1239 4361; baseline -0.004 0"><span class='ocrx_word' id='word_1_297' title='bbox 105 4304 144 4361; x_wconf 80' lang='lat'>24</span> <span class='ocrx_word' id='word_1_298' title='bbox 157 4302 280 4357; x_wconf 85' lang='lat' dir='ltr'>sublatus</span> <span class='ocrx_word' id='word_1_299' title='bbox 292 4306 333 4357; x_wconf 89' lang='lat' dir='ltr'>est</span> <span class='ocrx_word' id='word_1_300' title='bbox 346 4305 361 4358; x_wconf 90' lang='lat' dir='ltr'>b</span> <span class='ocrx_word' id='word_1_301' title='bbox 409 4303 447 4360; x_wconf 80' lang='lat'>28</span> <span class='ocrx_word' id='word_1_302' title='bbox 460 4304 637 4358; x_wconf 88' lang='lat' dir='ltr'>docimentum</span> <span class='ocrx_word' id='word_1_303' title='bbox 650 4307 677 4358; x_wconf 96' lang='lat' dir='ltr'><strong><em>P</em></strong></span> <span class='ocrx_word' id='word_1_304' title='bbox 732 4305 771 4361; x_wconf 88' lang='lat'>30</span> <span class='ocrx_word' id='word_1_305' title='bbox 783 4305 890 4359; x_wconf 87' lang='lat' dir='ltr'>eandem</span> <span class='ocrx_word' id='word_1_306' title='bbox 904 4304 1087 4357; x_wconf 74' lang='lat' dir='ltr'>Lachmann:</span> <span class='ocrx_word' id='word_1_307' title='bbox 1106 4304 1196 4357; x_wconf 87' lang='lat' dir='ltr'>eadem</span> <span class='ocrx_word' id='word_1_308' title='bbox 1212 4305 1239 4356; x_wconf 94' lang='lat' dir='ltr'><strong><em>P</em></strong></span> 
     </span>
    </p>
   </div>
   <div class='ocr_carea' id='block_1_6' title="bbox 0 0 1530 4984">
    <p class='ocr_par' dir='ltr' id='par_1_6' title="bbox 0 0 1530 4984">
     <span class='ocr_line' id='line_1_39' title="bbox 0 0 1530 4984; baseline 0 0"><span class='ocrx_word' id='word_1_309' title='bbox 0 0 1530 4984; x_wconf 95' lang='lat' dir='ltr'> </span> 
     </span>
    </p>
   </div>
  </div>
 </body>
</html>
