3050 4984
333 402 372 467 18
733 398 878 453 Minucii
895 398 1023 453 Felicis

301 555 413 623 4dooti
428 557 567 641 glorioso.
591 555 679 638 quid,
703 554 869 621 Simonidis
883 554 987 619 melici
1000 571 1098 618 norme
1112 550 1290 618 admiranda
1302 548 1439 616 omnibus

226 646 227 652 ἵ
331 660 362 724 61
376 660 518 724 sectanda
533 660 708 725 cunctatio?
723 660 777 741 qui
791 656 979 736 Simonides,
1001 676 1072 721 cum
1086 658 1124 721 de
1138 674 1188 735 eo,
1204 655 1278 737 quid
1293 655 1325 719 61
1339 652 1441 736 qualos

330 761 531 827 arbitraretur
545 764 630 841 deoc,
654 763 692 828 ab
707 763 841 828 Hierone
861 763 990 845 tyranno
1012 761 1224 842 quaereretur,
1246 759 1345 841 primo
1365 755 1440 820 doli-

329 864 479 930 berationi
494 866 577 937 diem
591 866 690 947 potiit,
706 864 854 947 postridie
868 864 998 929 biduum
1011 862 1205 946 prorogauit,
1228 879 1299 926 mor
1313 860 1441 925 altemm

328 968 451 1033 tantum
465 964 807 1033 admonitus'adiunrit.
831 968 984 1051 postremo
1004 986 1075 1031 cum
1095 984 1201 1031 causas
1223 966 1329 1030 166166
1342 981 1470 1027 moraes

329 1072 476 1153 tyrannus
497 1072 678 1154 inquireret,
701 1072 858 1155 respondit
876 1072 946 1147 ille,
970 1072 1050 1154 quod
1072 1071 1132 1136 sibi
1152 1070 1265 1151 quanto
1285 1065 1440 1149 inquisitio

298 1173 443 1238 otardior
462 1176 614 1258 pergeret,
637 1176 723 1240 tanto
738 1175 853 1239 ueritas
867 1175 952 1240 lieret
966 1174 1129 1238 obscurior.
1152 1190 1221 1235 mea
1239 1189 1358 1253 quoquo
1377 1168 1441 1251 opi·

327 1276 416 1342 uiono
442 1295 518 1358 quae
543 1278 615 1342 sunt
642 1277 750 1356 dubia,
774 1279 810 1342 ut
830 1279 915 1356 sunt,
938 1276 1137 1359 relinquenda
1152 1276 1240 1352 sunt,
1264 1293 1320 1338 neo
1340 1273 1388 1338 tot
1408 1290 1441 1335 ac

327 1380 422 1445 tantis
437 1380 513 1444 uiris
529 1380 766 1445 deliberantibus
786 1381 901 1445 tommo
915 1382 946 1445 et
966 1380 1122 1445 audaciter
1135 1380 1168 1443 in
1182 1378 1312 1442 alteram
1326 1376 1442 1459 partem

327 1482 450 1548 ferenda
464 1484 615 1548 sententia
630 1484 692 1562 661,
708 1503 746 1549 ne
760 1485 814 1548 aut
828 1484 918 1549 anilis
933 1484 1095 1549 inducatur
1109 1481 1287 1565 superstitio
1309 1481 1364 1545 aut
1378 1496 1441 1542 om·
1456 1501 1478 1540 ro
1511 1568 1512 1572 Ἰ

326 1583 374 1650 uis
389 1585 498 1669 religio
513 1586 696 1651 destruatur.

279 1679 316 1742 14
369 1686 419 1752 Sic
435 1686 584 1753 Caecilius
599 1691 630 1754 ot
644 1689 783 1754 renidens
805 1689 891 1773 (nam
904 1690 1126 1773 indignationis
1145 1688 1211 1752 eius
1231 1688 1385 1751 tumorem
1399 1682 1442 1748 ef-

326 1790 411 1855 fusae
425 1792 570 1856 orationis
584 1792 718 1873 impetus
733 1792 950 1876 rolaraueratlz
969 1792 1088 1874 Ecquid
1102 1790 1244 1867 adhaec,
1268 1791 1329 1868 ait,
1353 1787 1443 1853 audet

326 1891 488 1971 Octauius,
511 1894 601 1957 homo
624 1894 787 1959 Plautinae
811 1896 982 1977 prosapiae,
1005 1896 1041 1960 ut
1063 1894 1307 1959 Christianorum
1327 1890 1442 1974 praeei-

296 2009 419 2077 apuus,
452 1996 498 2061 ita
523 1997 694 2078 postremus
719 1998 990 2081 philosophorum?
1012 1998 1120 2075 Parce,
1149 1997 1301 2077 inquam,
1316 1996 1349 2060 iu
1374 2012 1443 2059 eum
1451 2012 1474 2051 1⁵

324 2098 483 2181 plaudere:
505 2118 602 2181 neque
618 2101 699 2165 onim
713 2102 798 2183 prius
813 2102 949 2166 exultare
971 2102 1002 2165 16
1022 2101 1152 2185 dignum
1172 2102 1220 2164 est
1240 2097 1443 2163 concinnitate

324 2202 488 2281 sermonis,
504 2222 597 2285 quam
612 2204 765 2285 utrimque
779 2204 899 2286 plenius
915 2204 1008 2270 luerit
1021 2205 1208 2285 peroratum,
1223 2203 1359 2266 maxime
1374 2219 1443 2264 oum

294 2316 383 2371 3non
402 2306 503 2385 laudi,
530 2308 577 2371 661
597 2307 722 2373 ueritati
746 2308 926 2390 disceptatio
941 2308 1044 2371 uestra
1058 2306 1185 2371 nitatur.
1209 2306 1240 2370 et
1255 2322 1443 2387 quamquam

323 2427 471 2492 magnum
486 2409 519 2473 in
534 2410 661 2474 modum
675 2429 724 2474 me
739 2411 848 2475 subtili
863 2410 1011 2475 uarietate
1025 2412 1081 2474 tua
1095 2409 1255 2473 delectarit
1269 2408 1379 2484 oratio,
1395 2408 1443 2470 16-

323 2520 395 2576 men
411 2512 506 2577 altius
520 2530 654 2591 moneor,
670 2531 729 2578 non
750 2514 787 2578 de
807 2512 957 2595 praesenti
977 2513 1109 2590 actione,
1133 2513 1186 2576 sed
1200 2512 1238 2579 de
1252 2513 1319 2576 toto
1334 2527 1475 2595 generoso

322 2613 516 2695 disputandi,
532 2616 611 2696 quod
625 2616 805 2697 plerumque
819 2635 873 2698 pro
888 2616 1105 2681 disserentium
1118 2615 1237 2680 uiribus
1252 2615 1284 2679 et
1299 2615 1444 2696 eloquen-

293 2716 384 2779 4tiae
397 2717 549 2798 potestate
564 2718 657 2782 etiam
671 2719 848 2799 perspicuae
863 2719 1004 2783 ueritatis
1020 2718 1156 2784 condicio
1171 2717 1319 2782 mutetur.
1344 2717 1378 2781 id
1393 2734 1443 2781 ao-

323 2817 422 2883 cidere
437 2820 597 2901 pernotum
612 2821 658 2885 est
674 2821 848 2886 auditorum
863 2820 1028 2901 facilitate,
1052 2821 1105 2904 qui
1120 2823 1195 2886 dum
1209 2820 1375 2884 uerborum
1398 2819 1443 2883 le-

323 2920 440 2986 nocim'o
455 2941 589 2987 ererum
604 2923 824 2988 intentionibus
844 2927 1024 3005 auooantur,
1048 2925 1112 2990 sine
1132 2924 1247 2988 dilectu
1262 2924 1444 2989 adsentiun-

323 3024 375 3087 tur
389 3024 479 3089 diotis
501 3026 641 3089 omnibus
662 3046 717 3092 nec
731 3046 749 3091 6
764 3028 855 3093 rectis
870 3028 948 3093 falsa
962 3029 1136 3110 secernunt,
1158 3028 1327 3093 nescientes
1342 3027 1475 3092 inesses

374 3330 390 3385 1
410 3330 552 3385 Simonidis
563 3332 651 3386 melici
663 3348 694 3386 6,·
707 3332 848 3405 simonides
860 3332 958 3386 melchi
971 3334 998 3386 P
1043 3334 1061 3389 2
1075 3333 1222 3387 Simonides
1232 3334 1357 3388 Wowero
1369 3335 1443 3403 ploo-

319 3432 394 3470 eeoaa
404 3417 553 3471 6161616166
604 3418 622 3475 3
640 3419 827 3487 querereturP
876 3418 896 3474 4
912 3419 983 3487 petit
994 3418 1135 3487 posttridie
1141 3419 1177 3486 P,
1191 3435 1237 3472 em.
1250 3420 1307 3473 iar
1329 3420 1443 3489 116166-

204 3550 206 3554 ,
320 3503 428 3571 rogauit
444 3504 562 3557 Vrsinus
622 3504 640 3562 5
658 3504 780 3576 adiunxit
793 3505 833 3571 P,
852 3504 899 3558 scd
919 3522 936 3557 r
956 3506 988 3557 16
1008 3520 1061 3558 ros.
1084 3505 1169 3558 triam
1180 3504 1333 3573 ductorem,-
1352 3522 1445 3560 6666

319 3588 476 3643 adiuuerit?
529 3589 924 3659 maerensmaerens?
988 3592 1025 3647 13
1043 3590 1136 3658 ecquid
1151 3591 1283 3644 Vrsinus:
1303 3592 1331 3643 61
1343 3592 1393 3659 qui
1405 3594 1442 3660 P,

318 3683 348 3735 61
358 3679 449 3750 quido
496 3680 534 3736 14
545 3678 756 3733 Christianorum
770 3677 888 3732 Stieber:
899 3677 1030 3746 pistorum
1040 3678 1067 3731 P
1075 3670 1445 3745 (exscriptcruxrrsuonvrr

320 3768 365 3821 661
377 3753 528 3835 xrffinvrr),
547 3767 664 3819 notorum
675 3764 703 3833 (c'.
718 3781 738 3818 c.
752 3764 820 3817 iuris
832 3764 1021 3833 consultorum)
1033 3763 1093 3818 Jcc.
1109 3764 1268 3817 Groaoaa'as
1278 3765 1357 3833 oprcd
1366 3767 1443 3821 Hot-

318 3853 423 3907 166666
428 3874 438 3921 ,·
457 3852 617 3920 ‘philosophi
629 3850 998 3918 666666616661616116666,
1010 3850 1060 3917 qui
1075 3850 1371 3904 6166166111666666
1383 3868 1442 3905 666-

321 3940 399 3993 61666
419 3945 501 4007 atque
521 3942 644 4005 cooperies
665 3938 712 4005 (cf.
732 3940 757 4004 5,
776 3936 902 4005 966196
916 3935 1136 4003 despicerentur,
1154 3950 1322 4003 quorumque
1341 3938 1445 4006 retiqio

320 4031 460 4095 16666666
479 4024 599 4079 scotatio
619 4029 701 4091 ctqae
721 4023 843 4076 66666116
853 4038 902 4075 ouo
915 4022 996 4089 quasi
1011 4020 1254 4089 6661666661666
1266 4023 1444 4077 6166666666Ι

319 4111 442 4165 16161616
452 4108 725 4178 661166611666166.
776 4107 1025 4166 15fi10s0f0mm12
1071 4106 1108 4163 17
1121 4107 1275 4175 utrinquer
1297 4109 1309 4176 ΙΙ
1331 4108 1444 4176 penitus

322 4196 348 4251 J.
362 4197 413 4251 Fr.
433 4196 590 4251 Grotaouo'as
643 4193 679 4251 18
697 4194 772 4247 laudi
784 4192 830 4247 sed
845 4193 989 4247 Gelenius:
1007 4192 1095 4246 laudis
1107 4195 1135 4246 61
1151 4193 1190 4258 Ρ,
1208 4193 1283 4246 laudi
1299 4194 1344 4247 sed
1360 4196 1391 4246 61
1409 4210 1443 4262 6,·

319 4282 400 4335 laude
412 4281 457 4335 sed
474 4282 589 4335 ueritate
605 4281 739 4336 1161166166
757 4280 773 4348 ἸΙ
795 4280 875 4333 locato
898 4280 1043 4343 annitatur,
1065 4285 1098 4333 61
1115 4279 1229 4333 datiane
1248 4278 1323 4333 laudi
1338 4280 1445 4334 tabeat

321 4366 397 4421 6616
404 4366 508 4435 pendet
568 4366 606 4423 24
623 4365 723 4420 dilectu
736 4367 770 4433 P,
789 4366 892 4419 delectu
905 4382 920 4419 6
