<?xml version="1.0" encoding="UTF-8"?>
<!DOCTYPE html PUBLIC "-//W3C//DTD XHTML 1.0 Transitional//EN"
    "http://www.w3.org/TR/xhtml1/DTD/xhtml1-transitional.dtd">
<html xmlns="http://www.w3.org/1999/xhtml" xml:lang="en" lang="en">
 <head>
  <title>
</title>
<meta http-equiv="Content-Type" content="text/html;charset=utf-8" />
  <meta name='ocr-system' content='tesseract 3.04.00' />
  <meta name='ocr-capabilities' content='ocr_page ocr_carea ocr_par ocr_line ocrx_word'/>
</head>
<body>
  <div class='ocr_page' id='page_1' title='image "./corpusscriptoru02wissgoog_0318.png"; bbox 0 0 3050 4984; ppageno 0'>
   <div class='ocr_carea' id='block_1_1' title="bbox 327 399 377 455">
    <p class='ocr_par' dir='ltr' id='par_1_1' title="bbox 327 399 377 455">
     <span class='ocr_line' id='line_1_1' title="bbox 327 399 377 455; baseline 0 0"><span class='ocrx_word' id='word_1_1' title='bbox 327 399 377 455; x_wconf 76' lang='lat' dir='ltr'>XX</span> 
     </span>
    </p>
   </div>
   <div class='ocr_carea' id='block_1_2' title="bbox 315 555 1511 3531">
    <p class='ocr_par' dir='ltr' id='par_1_2' title="bbox 315 555 1511 3531">
     <span class='ocr_line' id='line_1_2' title="bbox 326 555 1441 657; baseline -0.003 -26"><span class='ocrx_word' id='word_1_2' title='bbox 326 558 460 633; x_wconf 81' lang='lat' dir='ltr'>inentis</span> <span class='ocrx_word' id='word_1_3' title='bbox 487 566 702 657; x_wconf 86' lang='lat' dir='ltr'>poetarum,</span> <span class='ocrx_word' id='word_1_4' title='bbox 730 558 794 655; x_wconf 92' lang='lat' dir='ltr'>qui</span> <span class='ocrx_word' id='word_1_5' title='bbox 820 555 909 631; x_wconf 83' lang='lat' dir='ltr'>deos</span> <span class='ocrx_word' id='word_1_6' title='bbox 936 556 1102 630; x_wconf 88' lang='lat' dir='ltr'>humana</span> <span class='ocrx_word' id='word_1_7' title='bbox 1127 558 1300 631; x_wconf 79' lang='lat' dir='ltr'><strong>facientes</strong></span> <span class='ocrx_word' id='word_1_8' title='bbox 1322 564 1358 628; x_wconf 87' lang='lat' dir='ltr'>et</span> <span class='ocrx_word' id='word_1_9' title='bbox 1377 580 1441 654; x_wconf 91' lang='lat' dir='ltr'>pa-</span> 
     </span>
     <span class='ocr_line' id='line_1_3' title="bbox 326 674 1446 779; baseline -0.004 -26"><span class='ocrx_word' id='word_1_10' title='bbox 326 678 458 753; x_wconf 84' lang='lat' dir='ltr'>tientes</span> <span class='ocrx_word' id='word_1_11' title='bbox 485 677 629 779; x_wconf 84' lang='lat' dir='ltr'>fingant</span> <span class='ocrx_word' id='word_1_12' title='bbox 649 676 705 779; x_wconf 74' lang='lat' dir='ltr'>(p.</span> <span class='ocrx_word' id='word_1_13' title='bbox 731 678 791 768; x_wconf 77' lang='lat'>32,</span> <span class='ocrx_word' id='word_1_14' title='bbox 816 679 863 749; x_wconf 80' lang='lat'>22</span> <span class='ocrx_word' id='word_1_15' title='bbox 887 674 993 774; x_wconf 87' lang='lat' dir='ltr'>sqq).</span> <span class='ocrx_word' id='word_1_16' title='bbox 1018 700 1121 750; x_wconf 90' lang='lat' dir='ltr'>nuno</span> <span class='ocrx_word' id='word_1_17' title='bbox 1148 676 1298 751; x_wconf 88' lang='lat' dir='ltr'>demum</span> <span class='ocrx_word' id='word_1_18' title='bbox 1330 676 1446 749; x_wconf 89' lang='lat' dir='ltr'>oratio</span> 
     </span>
     <span class='ocr_line' id='line_1_4' title="bbox 324 795 1448 873; baseline -0.004 -1"><span class='ocrx_word' id='word_1_19' title='bbox 324 796 364 872; x_wconf 89' lang='lat' dir='ltr'>in</span> <span class='ocrx_word' id='word_1_20' title='bbox 390 795 515 872; x_wconf 85' lang='lat' dir='ltr'>codice</span> <span class='ocrx_word' id='word_1_21' title='bbox 543 795 589 871; x_wconf 85' lang='lat' dir='ltr'>ad</span> <span class='ocrx_word' id='word_1_22' title='bbox 616 820 750 873; x_wconf 84' lang='lat' dir='ltr'>uerum</span> <span class='ocrx_word' id='word_1_23' title='bbox 790 795 960 869; x_wconf 88' lang='lat' dir='ltr'><strong>ordinem</strong></span> <span class='ocrx_word' id='word_1_24' title='bbox 999 795 1098 869; x_wconf 85' lang='lat' dir='ltr'>redit</span> <span class='ocrx_word' id='word_1_25' title='bbox 1136 798 1175 870; x_wconf 92' lang='lat' dir='ltr'>in</span> <span class='ocrx_word' id='word_1_26' title='bbox 1214 797 1288 869; x_wconf 92' lang='lat' dir='ltr'>illis</span> <span class='ocrx_word' id='word_1_27' title='bbox 1326 795 1448 868; x_wconf 85' lang='lat' dir='ltr'>uerbis</span> 
     </span>
     <span class='ocr_line' id='line_1_5' title="bbox 326 914 1511 1017; baseline -0.004 -26"><span class='ocrx_word' id='word_1_28' title='bbox 326 915 375 1016; x_wconf 92' lang='lat' dir='ltr'>(p.</span> <span class='ocrx_word' id='word_1_29' title='bbox 399 918 459 1009; x_wconf 87' lang='grc'>33,</span> <span class='ocrx_word' id='word_1_30' title='bbox 484 916 568 1015; x_wconf 78' lang='lat'>22):</span> <span class='ocrx_word' id='word_1_31' title='bbox 605 915 681 1017; x_wconf 75' lang='lat' dir='ltr'>quis</span> <span class='ocrx_word' id='word_1_32' title='bbox 707 940 791 1015; x_wconf 72' lang='lat' dir='ltr'>erqo</span> <span class='ocrx_word' id='word_1_33' title='bbox 817 914 952 991; x_wconf 74' lang='lat' dir='ltr'>dtobitot</span> <span class='ocrx_word' id='word_1_34' title='bbox 977 914 1160 990; x_wconf 79' lang='lat' dir='ltr'>dominam</span> <span class='ocrx_word' id='word_1_35' title='bbox 1194 916 1264 1015; x_wconf 88' lang='lat' dir='ltr'>[sic</span> <span class='ocrx_word' id='word_1_36' title='bbox 1290 914 1448 989; x_wconf 81' lang='lat' dir='ltr'>correxi-</span> <span class='ocrx_word' id='word_1_37' title='bbox 1507 1000 1511 1007; x_wconf 81' lang='lat'>.</span> 
     </span>
     <span class='ocr_line' id='line_1_6' title="bbox 324 1034 1449 1135; baseline -0.004 -24"><span class='ocrx_word' id='word_1_38' title='bbox 324 1058 409 1111; x_wconf 86' lang='lat' dir='ltr'>mus</span> <span class='ocrx_word' id='word_1_39' title='bbox 436 1035 515 1111; x_wconf 85' lang='lat' dir='ltr'>eius</span> <span class='ocrx_word' id='word_1_40' title='bbox 541 1035 624 1111; x_wconf 88' lang='lat' dir='ltr'>loco</span> <span class='ocrx_word' id='word_1_41' title='bbox 653 1035 753 1135; x_wconf 92' lang='lat' dir='ltr'>quod</span> <span class='ocrx_word' id='word_1_42' title='bbox 779 1034 859 1111; x_wconf 88' lang='lat' dir='ltr'>cod.</span> <span class='ocrx_word' id='word_1_43' title='bbox 887 1034 1000 1109; x_wconf 85' lang='lat' dir='ltr'>habet</span> <span class='ocrx_word' id='word_1_44' title='bbox 1019 1034 1160 1134; x_wconf 78' lang='lat' dir='ltr'>loram]</span> <span class='ocrx_word' id='word_1_45' title='bbox 1178 1034 1352 1133; x_wconf 74' lang='lat' dir='ltr'>imopaiaes</span> <span class='ocrx_word' id='word_1_46' title='bbox 1367 1059 1449 1107; x_wconf 84' lang='lat' dir='ltr'>ooo-</span> 
     </span>
     <span class='ocr_line' id='line_1_7' title="bbox 324 1153 1451 1255; baseline -0.006 -23"><span class='ocrx_word' id='word_1_47' title='bbox 324 1168 480 1232; x_wconf 79' lang='lat' dir='ltr'>secratas</span> <span class='ocrx_word' id='word_1_48' title='bbox 505 1157 633 1255; x_wconf 73' lang='lat' dir='ltr'>naqa</span> <span class='ocrx_word' id='word_1_49' title='bbox 660 1180 766 1231; x_wconf 79' lang='lat' dir='ltr'>orare</span> <span class='ocrx_word' id='word_1_50' title='bbox 800 1169 832 1231; x_wconf 81' lang='lat' dir='ltr'>et</span> <span class='ocrx_word' id='word_1_51' title='bbox 851 1154 993 1255; x_wconf 79' lang='lat' dir='ltr'>publice</span> <span class='ocrx_word' id='word_1_52' title='bbox 1028 1158 1139 1231; x_wconf 77' lang='lat' dir='ltr'>colere</span> <span class='ocrx_word' id='word_1_53' title='bbox 1160 1166 1228 1229; x_wconf 83' lang='lat' dir='ltr'>etc.</span> <span class='ocrx_word' id='word_1_54' title='bbox 1269 1153 1451 1251; x_wconf 83' lang='lat' dir='ltr'>aquibus</span> 
     </span>
     <span class='ocr_line' id='line_1_8' title="bbox 324 1274 1449 1376; baseline -0.005 -25"><span class='ocrx_word' id='word_1_55' title='bbox 324 1298 423 1351; x_wconf 87' lang='lat' dir='ltr'>noua</span> <span class='ocrx_word' id='word_1_56' title='bbox 462 1299 549 1375; x_wconf 87' lang='lat' dir='ltr'>pars</span> <span class='ocrx_word' id='word_1_57' title='bbox 589 1274 871 1376; x_wconf 84' lang='lat' dir='ltr'>disputationis,</span> <span class='ocrx_word' id='word_1_58' title='bbox 905 1274 1095 1349; x_wconf 88' lang='lat' dir='ltr'>idolorum</span> <span class='ocrx_word' id='word_1_59' title='bbox 1122 1275 1268 1366; x_wconf 80' lang='lat' dir='ltr'>irrisio,</span> <span class='ocrx_word' id='word_1_60' title='bbox 1296 1274 1449 1348; x_wconf 85' lang='lat' dir='ltr'>orditur.</span> 
     </span>
     <span class='ocr_line' id='line_1_9' title="bbox 324 1394 1450 1495; baseline -0.003 -25"><span class='ocrx_word' id='word_1_61' title='bbox 324 1403 367 1471; x_wconf 86' lang='lat' dir='ltr'>ut</span> <span class='ocrx_word' id='word_1_62' title='bbox 390 1403 514 1469; x_wconf 87' lang='lat' dir='ltr'>autern</span> <span class='ocrx_word' id='word_1_63' title='bbox 536 1395 659 1493; x_wconf 89' lang='lat' dir='ltr'>prima</span> <span class='ocrx_word' id='word_1_64' title='bbox 681 1395 864 1495; x_wconf 90' lang='lat' dir='ltr'>partium,</span> <span class='ocrx_word' id='word_1_65' title='bbox 888 1420 981 1493; x_wconf 87' lang='lat' dir='ltr'>quas</span> <span class='ocrx_word' id='word_1_66' title='bbox 1005 1395 1118 1468; x_wconf 92' lang='lat' dir='ltr'>modo</span> <span class='ocrx_word' id='word_1_67' title='bbox 1137 1394 1450 1482; x_wconf 85' lang='lat' dir='ltr'>enumerauimns,</span> 
     </span>
     <span class='ocr_line' id='line_1_10' title="bbox 325 1512 1450 1613; baseline -0.005 -22"><span class='ocrx_word' id='word_1_68' title='bbox 325 1515 506 1591; x_wconf 80' lang='lat' dir='ltr'>sententia</span> <span class='ocrx_word' id='word_1_69' title='bbox 532 1514 696 1613; x_wconf 81' lang='lat' dir='ltr'>generali</span> <span class='ocrx_word' id='word_1_70' title='bbox 723 1514 958 1591; x_wconf 82' lang='lat' dir='ltr'>concluditur</span> <span class='ocrx_word' id='word_1_71' title='bbox 999 1517 1051 1613; x_wconf 85' lang='lat' dir='ltr'>(p.</span> <span class='ocrx_word' id='word_1_72' title='bbox 1077 1519 1137 1603; x_wconf 84' lang='lat'>31,</span> <span class='ocrx_word' id='word_1_73' title='bbox 1168 1518 1189 1588; x_wconf 88' lang='grc'><strong>6</strong></span> <span class='ocrx_word' id='word_1_74' title='bbox 1216 1516 1312 1589; x_wconf 80' lang='lat' dir='ltr'>ande</span> <span class='ocrx_word' id='word_1_75' title='bbox 1337 1512 1450 1587; x_wconf 80' lang='lat' dir='ltr'>moni-</span> 
     </span>
     <span class='ocr_line' id='line_1_11' title="bbox 315 1632 1452 1733; baseline -0.005 -22"><span class='ocrx_word' id='word_1_76' title='bbox 315 1634 450 1733; x_wconf 80' lang='lat' dir='ltr'>sostum</span> <span class='ocrx_word' id='word_1_77' title='bbox 476 1646 524 1710; x_wconf 81' lang='lat' dir='ltr'>ost</span> <span class='ocrx_word' id='word_1_78' title='bbox 549 1632 706 1709; x_wconf 70' lang='lat' dir='ltr'>homones</span> <span class='ocrx_word' id='word_1_79' title='bbox 732 1634 811 1709; x_wconf 77' lang='lat' dir='ltr'>allos</span> <span class='ocrx_word' id='word_1_80' title='bbox 823 1634 938 1731; x_wconf 72' lang='lat' dir='ltr'>sarisa</span> <span class='ocrx_word' id='word_1_81' title='bbox 961 1636 1069 1732; x_wconf 83' lang='lat' dir='ltr'>etc),</span> <span class='ocrx_word' id='word_1_82' title='bbox 1097 1635 1150 1708; x_wconf 92' lang='lat' dir='ltr'>sic</span> <span class='ocrx_word' id='word_1_83' title='bbox 1173 1644 1343 1709; x_wconf 85' lang='lat' dir='ltr'>extrema</span> <span class='ocrx_word' id='word_1_84' title='bbox 1365 1658 1452 1729; x_wconf 92' lang='lat' dir='ltr'>quo·</span> 
     </span>
     <span class='ocr_line' id='line_1_12' title="bbox 325 1750 1453 1853; baseline 0.001 -25"><span class='ocrx_word' id='word_1_85' title='bbox 325 1778 397 1853; x_wconf 83' lang='lat' dir='ltr'>que</span> <span class='ocrx_word' id='word_1_86' title='bbox 436 1752 507 1829; x_wconf 90' lang='lat' dir='ltr'>illis</span> <span class='ocrx_word' id='word_1_87' title='bbox 547 1753 672 1829; x_wconf 84' lang='lat' dir='ltr'>uerbis</span> <span class='ocrx_word' id='word_1_88' title='bbox 698 1756 819 1852; x_wconf 85' lang='lat' dir='ltr'>p.33,</span> <span class='ocrx_word' id='word_1_89' title='bbox 846 1757 909 1829; x_wconf 89' lang='lat'>18:</span> <span class='ocrx_word' id='word_1_90' title='bbox 943 1752 999 1829; x_wconf 75' lang='lat' dir='ltr'>lto&#39;s</span> <span class='ocrx_word' id='word_1_91' title='bbox 1032 1767 1133 1853; x_wconf 75' lang='lat' dir='ltr'>atque</span> <span class='ocrx_word' id='word_1_92' title='bbox 1157 1752 1363 1829; x_wconf 69' lang='lat' dir='ltr'>huiusmodi</span> <span class='ocrx_word' id='word_1_93' title='bbox 1383 1750 1453 1849; x_wconf 64' lang='lat' dir='ltr'>fip-</span> 
     </span>
     <span class='ocr_line' id='line_1_13' title="bbox 323 1872 1452 1972; baseline -0.004 -23"><span class='ocrx_word' id='word_1_94' title='bbox 323 1872 481 1949; x_wconf 73' lang='lat' dir='ltr'>utentis..</span> <span class='ocrx_word' id='word_1_95' title='bbox 508 1885 784 1971; x_wconf 67' lang='lat' dir='ltr'>corrumpantur</span> <span class='ocrx_word' id='word_1_96' title='bbox 809 1873 954 1971; x_wconf 67' lang='lat' dir='ltr'>tapecia</span> <span class='ocrx_word' id='word_1_97' title='bbox 972 1899 1171 1972; x_wconf 68' lang='lat' dir='ltr'>pueram</span> <span class='ocrx_word' id='word_1_98' title='bbox 1189 1885 1258 1949; x_wconf 74' lang='lat' dir='ltr'>etc</span> <span class='ocrx_word' id='word_1_99' title='bbox 1300 1872 1368 1949; x_wconf 87' lang='lat' dir='ltr'>sed</span> <span class='ocrx_word' id='word_1_100' title='bbox 1400 1896 1452 1945; x_wconf 90' lang='lat' dir='ltr'>re·</span> 
     </span>
     <span class='ocr_line' id='line_1_14' title="bbox 324 1993 1510 2093; baseline 0.003 -26"><span class='ocrx_word' id='word_1_101' title='bbox 324 1993 506 2093; x_wconf 81' lang='lat' dir='ltr'>linquitur</span> <span class='ocrx_word' id='word_1_102' title='bbox 532 2017 669 2091; x_wconf 85' lang='lat' dir='ltr'>magna</span> <span class='ocrx_word' id='word_1_103' title='bbox 708 1993 928 2084; x_wconf 81' lang='lat' dir='ltr'>difficultas3</span> <span class='ocrx_word' id='word_1_104' title='bbox 970 1995 1089 2067; x_wconf 87' lang='lat' dir='ltr'>uerba</span> <span class='ocrx_word' id='word_1_105' title='bbox 1127 1995 1226 2069; x_wconf 86' lang='lat' dir='ltr'>enim</span> <span class='ocrx_word' id='word_1_106' title='bbox 1265 2001 1453 2089; x_wconf 87' lang='lat' dir='ltr'>corrupta,</span> <span class='ocrx_word' id='word_1_107' title='bbox 1509 2063 1510 2070; x_wconf 75' lang='grc'>,</span> 
     </span>
     <span class='ocr_line' id='line_1_15' title="bbox 325 2107 1455 2214; baseline -0.003 -27"><span class='ocrx_word' id='word_1_108' title='bbox 325 2138 418 2214; x_wconf 82' lang='lat' dir='ltr'>quae</span> <span class='ocrx_word' id='word_1_109' title='bbox 457 2139 493 2213; x_wconf 89' lang='lat' dir='ltr'>p.</span> <span class='ocrx_word' id='word_1_110' title='bbox 516 2115 577 2203; x_wconf 85' lang='lat'>31,</span> <span class='ocrx_word' id='word_1_111' title='bbox 610 2114 630 2185; x_wconf 87' lang='grc'><strong>7</strong></span> <span class='ocrx_word' id='word_1_112' title='bbox 658 2113 839 2212; x_wconf 82' lang='lat' dir='ltr'>leguntur</span> <span class='ocrx_word' id='word_1_113' title='bbox 881 2107 925 2188; x_wconf 79' lang='lat' dir='ltr'>‘et</span> <span class='ocrx_word' id='word_1_114' title='bbox 963 2115 1114 2212; x_wconf 76' lang='lat' dir='ltr'><strong><em>despicis</em></strong></span> <span class='ocrx_word' id='word_1_115' title='bbox 1151 2115 1326 2189; x_wconf 73' lang='lat' dir='ltr'>Iada&#39;s-</span> <span class='ocrx_word' id='word_1_116' title='bbox 1344 2110 1455 2187; x_wconf 72' lang='lat' dir='ltr'>Osiris</span> 
     </span>
     <span class='ocr_line' id='line_1_16' title="bbox 323 2226 1451 2333; baseline -0.004 -24"><span class='ocrx_word' id='word_1_117' title='bbox 323 2226 502 2310; x_wconf 63' lang='lat' dir='ltr'>tumulant</span> <span class='ocrx_word' id='word_1_118' title='bbox 525 2258 602 2308; x_wconf 91' lang='lat' dir='ltr'>non</span> <span class='ocrx_word' id='word_1_119' title='bbox 630 2233 835 2333; x_wconf 77' lang='lat' dir='ltr'>quadrant,</span> <span class='ocrx_word' id='word_1_120' title='bbox 863 2234 945 2307; x_wconf 84' lang='lat' dir='ltr'>sine</span> <span class='ocrx_word' id='word_1_121' title='bbox 971 2234 1176 2307; x_wconf 85' lang='lat' dir='ltr'>uerborum</span> <span class='ocrx_word' id='word_1_122' title='bbox 1201 2234 1375 2309; x_wconf 81' lang='lat' dir='ltr'>ordinem</span> <span class='ocrx_word' id='word_1_123' title='bbox 1400 2255 1451 2304; x_wconf 77' lang='lat' dir='ltr'>se</span> 
     </span>
     <span class='ocr_line' id='line_1_17' title="bbox 324 2352 1455 2454; baseline -0.004 -25"><span class='ocrx_word' id='word_1_124' title='bbox 324 2379 441 2454; x_wconf 87' lang='lat' dir='ltr'>quaro</span> <span class='ocrx_word' id='word_1_125' title='bbox 481 2355 520 2429; x_wconf 91' lang='lat' dir='ltr'>in</span> <span class='ocrx_word' id='word_1_126' title='bbox 559 2354 685 2429; x_wconf 87' lang='lat' dir='ltr'>codice</span> <span class='ocrx_word' id='word_1_127' title='bbox 724 2353 908 2427; x_wconf 87' lang='lat' dir='ltr'>traditum</span> <span class='ocrx_word' id='word_1_128' title='bbox 949 2354 1029 2427; x_wconf 87' lang='lat' dir='ltr'>sine</span> <span class='ocrx_word' id='word_1_129' title='bbox 1053 2355 1191 2427; x_wconf 84' lang='lat' dir='ltr'>rectius</span> <span class='ocrx_word' id='word_1_130' title='bbox 1217 2379 1240 2426; x_wconf 88' lang='lat' dir='ltr'>a</span> <span class='ocrx_word' id='word_1_131' title='bbox 1265 2352 1455 2427; x_wconf 84' lang='lat' dir='ltr'>Lindnero</span> 
     </span>
     <span class='ocr_line' id='line_1_18' title="bbox 325 2472 1455 2574; baseline -0.003 -25"><span class='ocrx_word' id='word_1_132' title='bbox 325 2476 580 2549; x_wconf 87' lang='lat' dir='ltr'>constitutum.</span> <span class='ocrx_word' id='word_1_133' title='bbox 606 2484 830 2574; x_wconf 84' lang='lat' dir='ltr'>putaueram</span> <span class='ocrx_word' id='word_1_134' title='bbox 858 2472 1064 2570; x_wconf 87' lang='lat' dir='ltr'>aliquando</span> <span class='ocrx_word' id='word_1_135' title='bbox 1094 2484 1181 2547; x_wconf 87' lang='lat' dir='ltr'>ante</span> <span class='ocrx_word' id='word_1_136' title='bbox 1210 2475 1304 2547; x_wconf 81' lang='lat' dir='ltr'>hacc</span> <span class='ocrx_word' id='word_1_137' title='bbox 1337 2473 1455 2547; x_wconf 87' lang='lat' dir='ltr'>uerba</span> 
     </span>
     <span class='ocr_line' id='line_1_19' title="bbox 325 2593 1455 2692; baseline -0.004 -23"><span class='ocrx_word' id='word_1_138' title='bbox 325 2595 509 2669; x_wconf 87' lang='lat' dir='ltr'>nonnulla</span> <span class='ocrx_word' id='word_1_139' title='bbox 532 2594 781 2683; x_wconf 75' lang='lat' dir='ltr'>intercidisse,</span> <span class='ocrx_word' id='word_1_140' title='bbox 804 2593 869 2666; x_wconf 86' lang='lat' dir='ltr'>sed</span> <span class='ocrx_word' id='word_1_141' title='bbox 891 2595 1023 2667; x_wconf 89' lang='lat' dir='ltr'>nerins</span> <span class='ocrx_word' id='word_1_142' title='bbox 1044 2594 1198 2667; x_wconf 86' lang='lat' dir='ltr'>uidetur</span> <span class='ocrx_word' id='word_1_143' title='bbox 1219 2595 1324 2692; x_wconf 89' lang='lat' dir='ltr'>qnod</span> <span class='ocrx_word' id='word_1_144' title='bbox 1344 2594 1455 2667; x_wconf 70' lang='lat' dir='ltr'>Valr</span> 
     </span>
     <span class='ocr_line' id='line_1_20' title="bbox 324 2708 1457 2811; baseline -0.002 -23"><span class='ocrx_word' id='word_1_145' title='bbox 324 2713 481 2789; x_wconf 85' lang='lat' dir='ltr'>lenius</span> <span class='ocrx_word' id='word_1_146' title='bbox 508 2714 553 2787; x_wconf 90' lang='lat' dir='ltr'>de</span> <span class='ocrx_word' id='word_1_147' title='bbox 578 2715 662 2787; x_wconf 91' lang='lat' dir='ltr'>loco</span> <span class='ocrx_word' id='word_1_148' title='bbox 689 2713 739 2787; x_wconf 87' lang='lat' dir='ltr'>ad</span> <span class='ocrx_word' id='word_1_149' title='bbox 764 2739 825 2787; x_wconf 85' lang='lat' dir='ltr'>me</span> <span class='ocrx_word' id='word_1_150' title='bbox 847 2714 1056 2811; x_wconf 80' lang='lat' dir='ltr'>rescripsit:</span> <span class='ocrx_word' id='word_1_151' title='bbox 1081 2708 1193 2787; x_wconf 84' lang='lat' dir='ltr'>‘Cum</span> <span class='ocrx_word' id='word_1_152' title='bbox 1214 2716 1457 2787; x_wconf 84' lang='lat' dir='ltr'>manifestum</span> 
     </span>
     <span class='ocr_line' id='line_1_21' title="bbox 325 2829 1455 2932; baseline -0.002 -25"><span class='ocrx_word' id='word_1_153' title='bbox 325 2832 498 2908; x_wconf 84' lang='lat' dir='ltr'>uideatur</span> <span class='ocrx_word' id='word_1_154' title='bbox 523 2856 547 2907; x_wconf 82' lang='lat' dir='ltr'>a</span> <span class='ocrx_word' id='word_1_155' title='bbox 570 2832 698 2907; x_wconf 87' lang='lat' dir='ltr'>uerbis</span> <span class='ocrx_word' id='word_1_156' title='bbox 723 2829 918 2909; x_wconf 70' lang='lat' dir='ltr'>Considera</span> <span class='ocrx_word' id='word_1_157' title='bbox 939 2834 1086 2932; x_wconf 74' lang='lat' dir='ltr'>denique</span> <span class='ocrx_word' id='word_1_158' title='bbox 1105 2860 1213 2908; x_wconf 84' lang='lat' dir='ltr'>sucro</span> <span class='ocrx_word' id='word_1_159' title='bbox 1234 2837 1288 2932; x_wconf 77' lang='lat' dir='ltr'>(p</span> <span class='ocrx_word' id='word_1_160' title='bbox 1308 2839 1372 2924; x_wconf 81' lang='lat'>31,</span> <span class='ocrx_word' id='word_1_161' title='bbox 1392 2836 1455 2928; x_wconf 88' lang='lat'>10)</span> 
     </span>
     <span class='ocr_line' id='line_1_22' title="bbox 324 2952 1454 3053; baseline -0.004 -24"><span class='ocrx_word' id='word_1_162' title='bbox 324 2976 463 3029; x_wconf 84' lang='lat' dir='ltr'>nouam</span> <span class='ocrx_word' id='word_1_163' title='bbox 497 2952 761 3051; x_wconf 71' lang='lat' dir='ltr'>disputationis</span> <span class='ocrx_word' id='word_1_164' title='bbox 786 2963 933 3050; x_wconf 81' lang='lat' dir='ltr'>partem</span> <span class='ocrx_word' id='word_1_165' title='bbox 959 2954 1110 3027; x_wconf 89' lang='lat' dir='ltr'>initium</span> <span class='ocrx_word' id='word_1_166' title='bbox 1132 2980 1281 3053; x_wconf 84' lang='lat' dir='ltr'>capere,</span> <span class='ocrx_word' id='word_1_167' title='bbox 1308 2966 1356 3029; x_wconf 90' lang='lat' dir='ltr'>nt</span> <span class='ocrx_word' id='word_1_168' title='bbox 1380 2955 1454 3026; x_wconf 86' lang='lat' dir='ltr'>illis</span> 
     </span>
     <span class='ocr_line' id='line_1_23' title="bbox 325 3073 1456 3173; baseline -0.002 -26"><span class='ocrx_word' id='word_1_169' title='bbox 325 3096 421 3173; x_wconf 83' lang='lat' dir='ltr'>quse</span> <span class='ocrx_word' id='word_1_170' title='bbox 461 3073 688 3147; x_wconf 82' lang='lat' dir='ltr'>antecedunt</span> <span class='ocrx_word' id='word_1_171' title='bbox 723 3075 829 3146; x_wconf 75' lang='lat' dir='ltr'>‘trude</span> <span class='ocrx_word' id='word_1_172' title='bbox 855 3074 1080 3169; x_wconf 66' lang='lat' dir='ltr'>mmii&#39;jestum</span> <span class='ocrx_word' id='word_1_173' title='bbox 1107 3088 1156 3147; x_wconf 82' lang='lat' dir='ltr'>est</span> <span class='ocrx_word' id='word_1_174' title='bbox 1187 3073 1351 3148; x_wconf 69' lang='lat' dir='ltr'>domities</span> <span class='ocrx_word' id='word_1_175' title='bbox 1380 3075 1456 3146; x_wconf 77' lang='lat' dir='ltr'>allos</span> 
     </span>
     <span class='ocr_line' id='line_1_24' title="bbox 320 3179 1456 3293; baseline -0.004 -26"><span class='ocrx_word' id='word_1_176' title='bbox 320 3179 438 3284; x_wconf 67' lang='lat' dir='ltr'>flaisa&#39;</span> <span class='ocrx_word' id='word_1_177' title='bbox 461 3202 528 3267; x_wconf 80' lang='lat' dir='ltr'>etc</span> <span class='ocrx_word' id='word_1_178' title='bbox 555 3198 610 3291; x_wconf 77' lang='lat' dir='ltr'>(p.</span> <span class='ocrx_word' id='word_1_179' title='bbox 633 3196 694 3281; x_wconf 83' lang='lat'>31,</span> <span class='ocrx_word' id='word_1_180' title='bbox 718 3192 757 3285; x_wconf 77' lang='lat' dir='ltr'>a)</span> <span class='ocrx_word' id='word_1_181' title='bbox 784 3193 887 3291; x_wconf 86' lang='lat' dir='ltr'>prior</span> <span class='ocrx_word' id='word_1_182' title='bbox 912 3193 1166 3283; x_wconf 79' lang='lat' dir='ltr'>concluditur,</span> <span class='ocrx_word' id='word_1_183' title='bbox 1191 3196 1271 3267; x_wconf 83' lang='lat' dir='ltr'>fere</span> <span class='ocrx_word' id='word_1_184' title='bbox 1296 3202 1456 3293; x_wconf 83' lang='lat' dir='ltr'>apparot</span> 
     </span>
     <span class='ocr_line' id='line_1_25' title="bbox 323 3311 1456 3412; baseline 0.003 -27"><span class='ocrx_word' id='word_1_185' title='bbox 323 3311 425 3387; x_wconf 81' lang='lat' dir='ltr'>inter</span> <span class='ocrx_word' id='word_1_186' title='bbox 444 3312 541 3387; x_wconf 80' lang='lat' dir='ltr'>lianc</span> <span class='ocrx_word' id='word_1_187' title='bbox 561 3312 699 3411; x_wconf 87' lang='lat' dir='ltr'>prioris</span> <span class='ocrx_word' id='word_1_188' title='bbox 722 3314 1001 3387; x_wconf 75' lang='lat' dir='ltr'>conclusionem</span> <span class='ocrx_word' id='word_1_189' title='bbox 1022 3323 1060 3387; x_wconf 84' lang='lat' dir='ltr'>et</span> <span class='ocrx_word' id='word_1_190' title='bbox 1080 3313 1279 3388; x_wconf 77' lang='lat' dir='ltr'>exordium</span> <span class='ocrx_word' id='word_1_191' title='bbox 1299 3339 1456 3412; x_wconf 84' lang='lat' dir='ltr'>sequen·</span> 
     </span>
     <span class='ocr_line' id='line_1_26' title="bbox 324 3430 1457 3531; baseline 0 -25"><span class='ocrx_word' id='word_1_192' title='bbox 324 3431 373 3507; x_wconf 78' lang='lat' dir='ltr'>ts</span> <span class='ocrx_word' id='word_1_193' title='bbox 397 3430 493 3507; x_wconf 89' lang='lat' dir='ltr'>nihil</span> <span class='ocrx_word' id='word_1_194' title='bbox 519 3433 561 3506; x_wconf 92' lang='lat' dir='ltr'>in</span> <span class='ocrx_word' id='word_1_195' title='bbox 585 3432 708 3507; x_wconf 85' lang='lat' dir='ltr'>medio</span> <span class='ocrx_word' id='word_1_196' title='bbox 743 3434 932 3531; x_wconf 85' lang='lat' dir='ltr'>interponi</span> <span class='ocrx_word' id='word_1_197' title='bbox 968 3433 1146 3531; x_wconf 79' lang='lat' dir='ltr'>potuisse.</span> <span class='ocrx_word' id='word_1_198' title='bbox 1185 3433 1290 3530; x_wconf 90' lang='lat' dir='ltr'>qnod</span> <span class='ocrx_word' id='word_1_199' title='bbox 1327 3445 1457 3507; x_wconf 84' lang='lat' dir='ltr'>autem</span> 
     </span>
    </p>
   </div>
   <div class='ocr_carea' id='block_1_3' title="bbox 323 3548 1458 4373">
    <p class='ocr_par' dir='ltr' id='par_1_3' title="bbox 323 3548 1458 4373">
     <span class='ocr_line' id='line_1_27' title="bbox 323 3548 1455 3652; baseline 0 -27"><span class='ocrx_word' id='word_1_200' title='bbox 323 3548 512 3627; x_wconf 77' lang='lat' dir='ltr'>Minucius</span> <span class='ocrx_word' id='word_1_201' title='bbox 548 3552 634 3627; x_wconf 84' lang='lat' dir='ltr'>inde</span> <span class='ocrx_word' id='word_1_202' title='bbox 671 3577 696 3625; x_wconf 78' lang='lat' dir='ltr'>a</span> <span class='ocrx_word' id='word_1_203' title='bbox 719 3578 799 3652; x_wconf 81' lang='lat' dir='ltr'>cap</span> <span class='ocrx_word' id='word_1_204' title='bbox 822 3557 870 3626; x_wconf 78' lang='lat'>21</span> <span class='ocrx_word' id='word_1_205' title='bbox 897 3578 948 3626; x_wconf 83' lang='lat' dir='ltr'>ex</span> <span class='ocrx_word' id='word_1_206' title='bbox 972 3555 1198 3651; x_wconf 82' lang='lat' dir='ltr'>sapientium</span> <span class='ocrx_word' id='word_1_207' title='bbox 1235 3563 1275 3627; x_wconf 83' lang='lat' dir='ltr'>et</span> <span class='ocrx_word' id='word_1_208' title='bbox 1305 3554 1455 3627; x_wconf 84' lang='lat' dir='ltr'>histori-</span> 
     </span>
     <span class='ocr_line' id='line_1_28' title="bbox 325 3672 1457 3772; baseline -0.001 -25"><span class='ocrx_word' id='word_1_209' title='bbox 325 3696 457 3747; x_wconf 84' lang='lat' dir='ltr'>corum</span> <span class='ocrx_word' id='word_1_210' title='bbox 494 3672 739 3772; x_wconf 71' lang='lat' dir='ltr'>probarent,</span> <span class='ocrx_word' id='word_1_211' title='bbox 793 3672 883 3747; x_wconf 68' lang='lat' dir='ltr'>daos</span> <span class='ocrx_word' id='word_1_212' title='bbox 920 3675 988 3771; x_wconf 89' lang='lat' dir='ltr'>qui</span> <span class='ocrx_word' id='word_1_213' title='bbox 1025 3684 1251 3771; x_wconf 78' lang='lat' dir='ltr'>putarentur</span> <span class='ocrx_word' id='word_1_214' title='bbox 1283 3675 1457 3748; x_wconf 84' lang='lat' dir='ltr'>homines</span> 
     </span>
     <span class='ocr_line' id='line_1_29' title="bbox 323 3792 1456 3893; baseline -0.003 -25"><span class='ocrx_word' id='word_1_215' title='bbox 323 3792 456 3874; x_wconf 77' lang='lat' dir='ltr'>fuisse,</span> <span class='ocrx_word' id='word_1_216' title='bbox 493 3793 595 3867; x_wconf 83' lang='lat' dir='ltr'>idem</span> <span class='ocrx_word' id='word_1_217' title='bbox 627 3794 703 3867; x_wconf 77' lang='lat' dir='ltr'>iam</span> <span class='ocrx_word' id='word_1_218' title='bbox 739 3818 789 3867; x_wconf 81' lang='lat' dir='ltr'>ex</span> <span class='ocrx_word' id='word_1_219' title='bbox 813 3796 1002 3893; x_wconf 73' lang='lat' dir='ltr'>mysteriis</span> <span class='ocrx_word' id='word_1_220' title='bbox 1027 3794 1186 3867; x_wconf 87' lang='lat' dir='ltr'>deorum</span> <span class='ocrx_word' id='word_1_221' title='bbox 1211 3797 1308 3893; x_wconf 83' lang='lat' dir='ltr'>(non</span> <span class='ocrx_word' id='word_1_222' title='bbox 1333 3796 1456 3867; x_wconf 78' lang='lat' dir='ltr'>solius</span> 
     </span>
     <span class='ocr_line' id='line_1_30' title="bbox 323 3910 1457 4012; baseline 0.001 -26"><span class='ocrx_word' id='word_1_223' title='bbox 323 3911 452 3996; x_wconf 76' lang='lat' dir='ltr'>Isidis)</span> <span class='ocrx_word' id='word_1_224' title='bbox 477 3910 718 3986; x_wconf 81' lang='lat' dir='ltr'>demonstrat</span> <span class='ocrx_word' id='word_1_225' title='bbox 753 3912 857 3987; x_wconf 92' lang='lat' dir='ltr'>idem</span> <span class='ocrx_word' id='word_1_226' title='bbox 881 3924 939 3986; x_wconf 84' lang='lat' dir='ltr'>est</span> <span class='ocrx_word' id='word_1_227' title='bbox 963 3915 1298 4012; x_wconf 76' lang='lat' dir='ltr'>argummtationis</span> <span class='ocrx_word' id='word_1_228' title='bbox 1319 3938 1457 3987; x_wconf 79' lang='lat' dir='ltr'>cursus</span> 
     </span>
     <span class='ocr_line' id='line_1_31' title="bbox 324 4029 1457 4133; baseline 0 -26"><span class='ocrx_word' id='word_1_229' title='bbox 324 4031 429 4133; x_wconf 68' lang='lat' dir='ltr'>apud</span> <span class='ocrx_word' id='word_1_230' title='bbox 463 4029 718 4121; x_wconf 61' lang='lat' dir='ltr'>lactantium,</span> <span class='ocrx_word' id='word_1_231' title='bbox 761 4034 825 4107; x_wconf 87' lang='lat' dir='ltr'>cni</span> <span class='ocrx_word' id='word_1_232' title='bbox 862 4032 1015 4106; x_wconf 74' lang='lat' dir='ltr'>llinueii</span> <span class='ocrx_word' id='word_1_233' title='bbox 1052 4034 1222 4107; x_wconf 84' lang='lat' dir='ltr'>libellum</span> <span class='ocrx_word' id='word_1_234' title='bbox 1246 4035 1298 4107; x_wconf 88' lang='lat' dir='ltr'>ob</span> <span class='ocrx_word' id='word_1_235' title='bbox 1321 4035 1457 4107; x_wconf 74' lang='lat' dir='ltr'>oculos</span> 
     </span>
     <span class='ocr_line' id='line_1_32' title="bbox 324 4152 1455 4251; baseline 0.004 -24"><span class='ocrx_word' id='word_1_236' title='bbox 324 4160 520 4229; x_wconf 67' lang='lat' dir='ltr'>nemum</span> <span class='ocrx_word' id='word_1_237' title='bbox 559 4177 641 4227; x_wconf 61' lang='lat' dir='ltr'>esse</span> <span class='ocrx_word' id='word_1_238' title='bbox 678 4153 790 4226; x_wconf 73' lang='lat' dir='ltr'>facile</span> <span class='ocrx_word' id='word_1_239' title='bbox 823 4153 1073 4251; x_wconf 78' lang='lat' dir='ltr'>intellegitur.</span> <span class='ocrx_word' id='word_1_240' title='bbox 1115 4156 1156 4227; x_wconf 91' lang='lat' dir='ltr'>in</span> <span class='ocrx_word' id='word_1_241' title='bbox 1185 4154 1276 4227; x_wconf 73' lang='lat' dir='ltr'>[uu.</span> <span class='ocrx_word' id='word_1_242' title='bbox 1306 4152 1455 4232; x_wconf 70' lang='lat' dir='ltr'>lust-l.</span> 
     </span>
     <span class='ocr_line' id='line_1_33' title="bbox 325 4267 1458 4373; baseline -0.001 -28"><span class='ocrx_word' id='word_1_243' title='bbox 325 4296 356 4345; x_wconf 77' lang='lat' dir='ltr'>e.</span> <span class='ocrx_word' id='word_1_244' title='bbox 383 4274 451 4345; x_wconf 73' lang='lat' dir='ltr'>lt:</span> <span class='ocrx_word' id='word_1_245' title='bbox 479 4267 621 4346; x_wconf 63' lang='lat' dir='ltr'>sliri-uia</span> <span class='ocrx_word' id='word_1_246' title='bbox 649 4284 699 4346; x_wconf 70' lang='lat' dir='ltr'>eat</span> <span class='ocrx_word' id='word_1_247' title='bbox 724 4272 834 4371; x_wconf 62' lang='lat' dir='ltr'>apelia·</span> <span class='ocrx_word' id='word_1_248' title='bbox 857 4272 1017 4347; x_wconf 65' lang='lat' dir='ltr'>laminas</span> <span class='ocrx_word' id='word_1_249' title='bbox 1036 4275 1154 4370; x_wconf 63' lang='lat' dir='ltr'>Jiu&#39;sw</span> <span class='ocrx_word' id='word_1_250' title='bbox 1180 4276 1277 4354; x_wconf 63' lang='lat' dir='ltr'>aits,</span> <span class='ocrx_word' id='word_1_251' title='bbox 1312 4274 1379 4373; x_wconf 70' lang='lat' dir='ltr'>qud</span> <span class='ocrx_word' id='word_1_252' title='bbox 1402 4273 1458 4346; x_wconf 77' lang='lat' dir='ltr'>dii</span> 
     </span>
    </p>
   </div>
   <div class='ocr_carea' id='block_1_4' title="bbox 0 0 1533 4984">
    <p class='ocr_par' dir='ltr' id='par_1_4' title="bbox 0 0 1533 4984">
     <span class='ocr_line' id='line_1_34' title="bbox 0 0 1533 4984; baseline 0 0"><span class='ocrx_word' id='word_1_253' title='bbox 0 0 1533 4984; x_wconf 95' lang='lat' dir='ltr'> </span> 
     </span>
    </p>
   </div>
  </div>
 </body>
</html>
