3050 4984
284 359 328 425 34
706 355 855 426 Sulpicii
871 355 989 413 Seueri

280 530 353 578 eum
372 510 470 578 simili
490 511 575 577 olade
595 511 801 590 affluerentur,
822 512 856 576 in
875 512 1023 594 oppidum
1036 511 1289 576 Asealouensium
1308 528 1412 576 aream

280 615 521 680 transuererunt.
543 614 592 678 bis
612 633 699 694 uero,
722 614 880 680 aduocatis
893 614 995 699 gentis
1009 614 1075 678 eius
1089 613 1290 696 primoribus,
1311 612 1411 678 oonsi-

281 716 362 782 lium
375 715 451 797 ibit,
472 735 575 782 ansam
588 717 714 782 Domini
729 717 877 782 Hebraeis
891 717 1024 782 reddere.
1046 717 1092 782 ita
1110 715 1411 798 eusentsntiaprin-
1500 783 1507 797 ¹

281 819 386 902 oipum
407 839 617 904 augurumque
637 821 669 886 et
688 811 880 885 sacerdotum
894 820 1041 902 imposita
1053 819 1194 884 uehiouio
1215 818 1325 884 multis
1340 837 1412 883 eum
1500 782 1512 903 f

251 922 458 988 muneribus
473 923 652 988 remittitur.
669 923 747 988 illud
761 922 913 1001 mirabile,
925 922 1016 1006 quod,
1027 940 1099 988 oum
1113 921 1197 986 oneri
1210 921 1304 986 boues
1318 920 1411 986 femi-
1434 942 1446 980 e
1500 912 1512 1000 s

279 1044 334 1090 nas
357 1025 555 1091 subieeissent
576 1025 751 1109 uitulosque
771 1045 878 1090 earum
898 1025 983 1090 domi
1003 1024 1216 1104 retinuissent,
1244 1025 1304 1089 iter
1324 1024 1410 1090 nullo

280 1128 564 1194 duoeinludaeam
578 1130 707 1211 pecudes
721 1129 912 1208 direxerunt,
931 1147 992 1192 non
1011 1130 1171 1193 reuocante
1184 1127 1296 1192 affeetu
1311 1126 1411 1192 foetus
1502 1202 1512 1227 Ι

280 1230 389 1296 rolioti.
421 1232 507 1296 euius
532 1231 576 1296 rei
601 1232 749 1297 miraequ
775 1231 876 1316 reguli
896 1231 1133 1315 Allopbylorum
1160 1230 1311 1312 usquein
1334 1229 1411 1297 fines
1501 1234 1512 1245 “

249 1333 486 1399 sHeoraeorum
500 1353 602 1399 aream
620 1334 716 1400 soouti
725 1335 905 1419 religiosum
914 1333 1052 1400 offieium
1065 1334 1291 1417 praestiterunt.
1304 1333 1412 1398 Iudaei
1501 1305 1512 1349 ¹

279 1437 398 1515 autem,
420 1436 474 1502 ubi
494 1436 600 1502 referri
620 1456 722 1504 aream
741 1438 900 1517 uiderunt,
924 1437 1066 1502 sertatim
1079 1456 1117 1502 ex
1129 1437 1241 1521 oppido
1255 1437 1410 1502 Betsamis
1420 1455 1447 1494 1⁰
1502 1409 1512 1505 ‚¹

278 1556 349 1603 oum
364 1539 475 1624 gaudio
491 1540 615 1605 obuiam
629 1540 904 1620 ruore,festinare,
919 1541 1069 1619 exultare,
1091 1541 1194 1631 grates
1208 1541 1273 1604 Deo
1287 1538 1408 1604 referre.
1506 1514 1512 1557 ³

277 1659 349 1706 mor
369 1642 511 1722 bouitas,
534 1661 664 1725 quorum
685 1643 743 1708 boe
763 1643 923 1728 negotium
942 1643 1022 1722 erat,
1045 1642 1229 1708 saerifieium
1243 1643 1308 1706 Deo
1329 1644 1409 1707 oele-
1502 1630 1511 1711 {⁴

248 1743 383 1824 obrant,
405 1745 557 1828 bouesque
577 1763 643 1824 eas,
664 1765 741 1828 quae
758 1751 864 1811 'aream
883 1746 1085 1823 adduxerant,
1106 1745 1278 1811 immolant.
1300 1745 1353 1810 sed
1374 1746 1410 1810 in
1501 1724 1512 1766 'l

277 1846 398 1928 oppido,
414 1849 494 1930 quod
510 1848 759 1931 supradiximus,
775 1848 1153 1930 teneriaroanonpotuit.
1175 1848 1409 1931 itaquepassim
1506 1828 1512 1889 l

278 1949 339 2013 Dei
352 1951 430 2014 nutu
443 1969 497 2032 per
511 1952 610 2016 totam
620 1951 728 2016 urbem
739 1951 902 2029 saeuitum,
914 1969 984 2022 area
992 1951 1248 2016 iuGariatbiarim
1260 1951 1410 2033 oppidum
1418 1974 1443 2014 rs
1502 1933 1512 1976 l

133 2047 137 2057 ’
278 2051 428 2118 uersus
442 2054 488 2117 est
503 2053 606 2136 ibique
620 2073 674 2137 per
688 2053 803 2138 uiginti
816 2071 910 2118 annos
924 2053 995 2118 fuit.
1507 2069 1512 2081 ·

227 2165 267 2229 32
321 2154 367 2220 lla
387 2156 569 2238 tempestate
591 2155 715 2221 Samuel
736 2157 874 2222 saeerdos
896 2156 1044 2221 Hebraeis
1071 2158 1225 2238 praeerat:
1254 2156 1367 2238 quietis
1390 2175 1410 2221 a
1504 2141 1511 2183 ³

277 2255 357 2321 bello
372 2258 462 2323 rebus
476 2260 606 2342 populus
626 2259 659 2325 in
679 2260 741 2324 otio
756 2260 895 2345 degebat,
917 2279 975 2342 par
988 2259 1098 2324 deinde
1112 2258 1349 2343 Allophylorum
1363 2259 1408 2323 ir-
1504 2246 1511 2289 ³

276 2359 417 2441 ruptione
435 2361 574 2441 tumbata,
597 2363 822 2445 trepidantibus
842 2363 960 2428 eunetis
981 2363 1019 2427 ob
1042 2362 1258 2428 oousoientiam
1279 2362 1407 2445 peceati.
1505 2351 1512 2396 ²

246 2461 400 2528 aSsruuel
422 2482 506 2530 caesa
527 2465 613 2548 prius
635 2466 736 2530 hostia
757 2455 822 2530 Deo
844 2464 942 2529 fretus
968 2482 1038 2529 suos
1060 2465 1093 2529 in
1114 2465 1265 2546 proelium
1290 2454 1443 2544 idunan

245 2565 433 2649 eprimoque
447 2568 564 2649 impetu
580 2568 657 2632 fusis
672 2568 813 2634 hostibus
827 2567 957 2632 uictoria
969 2586 1061 2650 penes
1071 2568 1225 2632 Hebraeos
1240 2568 1336 2632 stetit.
1353 2569 1409 2632 sed
1508 2568 1512 2603 ¹

275 2668 382 2732 hostili
402 2671 487 2734 metu
502 2671 618 2734 remoto
640 2670 780 2735 secundis
793 2669 1028 2752 tranquillisque
1042 2670 1148 2749 robus,
1169 2671 1320 2752 perruptis
1334 2689 1408 2736 oon-
1507 2664 1512 2707 ³

275 2770 370 2856 siliist,
386 2789 469 2836 more
484 2773 588 2856 uulgi,
610 2773 660 2836 eui
674 2773 845 2854 praesentia
858 2771 998 2851 fastidio,
1019 2772 1140 2838 insueta
1159 2772 1308 2838 desiderio
1322 2775 1407 2852 sunt,
1507 2801 1511 2810 ·

275 2873 395 2957 regium
409 2892 535 2955 nomen,
558 2875 675 2941 ormotis
689 2875 751 2940 fere
765 2875 870 2939 liberis
891 2875 1034 2960 gentibus
1047 2875 1254 2957 perinuisum,
1275 2877 1408 2958 populus
1508 2872 1512 2913 ²

273 2976 582 3060 desiderabstzplane
591 2977 706 3063 insigni
717 2978 854 3061 exemplo
865 2978 1219 3061 amentiaepraeoptabat
1230 2979 1409 3044 libertatem
1418 3000 1442 3040 ae
1508 2976 1512 3017 i

244 3079 402 3144 4seruitio
412 3081 541 3146 mutare.
556 3081 654 3165 igitur
664 3081 835 3164 frequentes
841 3079 1013 3146 Samuelem
1021 3081 1259 3161 circumsistunt,
1275 3083 1321 3161 ut,
1333 3083 1409 3165 quia
1509 3078 1512 3120 ¹

245 3181 337 3248 biam
351 3181 416 3264 ipse
430 3184 594 3263 senuisset,
617 3203 721 3269 regem
736 3184 780 3249 eis
795 3184 1001 3248 constitueret.
1022 3186 1056 3249 at
1075 3184 1129 3248 illo
1149 3185 1268 3266 placide
1289 3186 1409 3250 salubri
1435 3174 1438 3179 ’
1509 3182 1511 3223 ³

273 3285 407 3350 oratione
422 3286 459 3350 ab
471 3285 577 3352 insana
588 3288 745 3352 uolrmtate
758 3287 934 3370 detorquere
951 3287 1086 3368 plebem:
1103 3287 1342 3353 dominationem
1356 3308 1407 3353 re·
1510 3290 1511 3295 ’

274 3387 359 3471 giam
373 3390 404 3453 et
418 3390 548 3472 superba
559 3390 687 3473 imperia
698 3408 852 3472 exponere,
868 3389 1042 3454 libertatem
1053 3390 1206 3469 extoliere,
1222 3392 1406 3456 seruitutem

274 3491 426 3571 detestari,
436 3494 588 3574 postremo
600 3493 738 3559 diuinam
749 3493 793 3558 eis
804 3493 884 3557 iram
895 3493 1082 3572 demmtiare,
1100 3493 1253 3575 siquidem
1264 3494 1404 3559 homines
1415 3516 1440 3556 ao

273 3595 373 3660 mente
389 3595 537 3678 corrupti,
558 3597 659 3661 Deum
673 3615 777 3681 regom
791 3596 946 3676 habentes,
960 3594 1071 3681 {regem
1090 3593 1150 3660 sibi
1170 3615 1206 3660 er
1225 3597 1403 3662 bominibus

374 3798 392 3854 2
409 3797 424 3852 Ι
441 3799 505 3870 Reg.
525 3799 550 3856 6.
588 3801 624 3859 15
643 3800 658 3854 I
674 3801 738 3870 Reg.
759 3801 784 3857 7.
821 3800 973 3871 2514Reg.
992 3798 1018 3856 8.

373 3986 412 4044 10
427 3987 581 4041 Betbsamis
598 3989 627 4056 b,
645 3982 814 4058 Βαιθσαμύς
830 3987 927 4053 LXX,
945 3989 1103 4044 Betbsames
1115 3989 1239 4044 meare
1292 3991 1328 4048 11
1348 3992 1401 4046 Do·

269 4071 375 4126 minet
438 4074 485 4143 ,15
504 4076 595 4142 strage
611 4073 783 4142 pestilentiae
800 4074 933 4128 saeuitum
950 4076 1072 4144 taudem
1094 4075 1128 4129 de
1150 4076 1239 4130 Prato
1261 4078 1274 4144 ΙΙ
1296 4077 1400 4131 charia-
1458 4113 1462 4119 ,

270 4155 383 4211 tbiarim
394 4159 423 4212 P
472 4158 512 4216 20
524 4159 637 4214 Domino
649 4160 664 4213 b
687 4162 699 4228 ΙΙ
722 4159 844 4229 implium
856 4160 884 4213 P
899 4163 911 4229 ΙΙ
926 4159 1035 4214 deduxit
1052 4161 1068 4214 t
1120 4161 1343 4231 supermodum
1356 4163 1397 4218 P:

269 4256 372 4310 semper
389 4243 534 4300 inuisumb
585 4246 624 4306 25
642 4245 719 4314 plana
737 4245 778 4300 P:
807 4245 938 4315 planoque
956 4247 971 4300 t
994 4247 1008 4313 ΙΙ
1030 4244 1132 4316 insigni
1150 4249 1280 4319 Baraaya
1292 4265 1322 4318 p.
1341 4251 1395 4304 26.-

271 4341 326 4379 non
336 4327 393 4381 sine
411 4330 453 4384 Pb
516 4338 519 4346 “
