3050 4984
8 729 15 904 l

1172 486 1240 534 XIII

106 625 271 698 secunda
295 624 419 722 utique
442 623 562 697 omitti
583 633 749 723 poterat,
774 624 945 721 quoniam
967 622 1057 697 alius
1078 621 1179 696 locus
1201 621 1238 696 in

105 772 204 818 nouo
243 745 466 844 scriptorum
489 743 814 818 ecclesiasticorum
836 768 987 842 corpore
1009 743 1104 817 inter
1126 741 1238 818 libros

105 865 254 965 spurios
278 864 495 964 Hieronymi
512 863 676 964 patebat,
700 865 820 937 minus
838 863 939 936 facile
957 863 1125 962 reliquae,
1148 889 1240 962 quae

103 988 140 1059 in
166 987 294 1084 aliquo
319 985 445 1059 saltem
468 984 652 1058 uolumine
674 984 894 1084 repetendae
916 994 1029 1057 erant.
1059 1010 1098 1057 re
1127 983 1237 1082 longe

103 1107 312 1206 ponderata
335 1105 491 1204 denique
513 1103 560 1180 ob
590 1130 669 1178 eam
702 1105 815 1178 solam
846 1129 990 1178 causam
1012 1103 1237 1204 recipiendas

104 1225 337 1317 existimaui,
362 1251 408 1300 ne
431 1225 518 1326 quid
542 1224 640 1324 quod
658 1224 696 1296 in
715 1224 899 1323 superiore
919 1224 1077 1299 editione
1096 1236 1238 1299 extaret

103 1349 139 1421 in
164 1374 266 1422 noua
288 1346 562 1422 desideraretur.
594 1329 824 1422 ob‘eandem
845 1372 988 1420 causam
1010 1344 1157 1420 breuem
1182 1345 1237 1419 ui-

102 1479 178 1542 tam
201 1466 355 1568 Sulpicii
377 1493 424 1542 ex
447 1467 624 1542 Gennadii
654 1468 819 1566 catalogo
847 1466 1011 1540 uirorum
1041 1465 1235 1540 illustrium

101 1590 174 1663 huc
198 1588 427 1662 adiciendam
448 1587 666 1689 putauimus.

142 2547 276 2612 Seuems
295 2547 455 2632 presbyter
475 2548 673 2633 cognomento
695 2546 865 2630 Sulpicius,
888 2545 1091 2629 Aquitanicae
1104 2545 1230 2630 prouin-

100 2667 175 2746 ciae,
191 2667 243 2731 uir
257 2685 365 2751 genere
380 2668 412 2732 et
426 2668 602 2733 litteratura
615 2668 728 2734 nobilis
743 2669 775 2734 et
788 2668 978 2752 paupertatis
993 2670 1086 2751 atque
1099 2667 1229 2732 humili-

98 2788 176 2852 tatis
197 2806 301 2852 amore
322 2786 517 2870 conspicuus,
541 2807 628 2854 carus
643 2788 738 2854 etiam
753 2789 929 2854 sanctorum
942 2789 1080 2854 uiromm
1099 2787 1228 2853 Martini

99 2908 289 2973 Turonensis
303 2907 436 2990 episcopi
450 2909 481 2973 et
495 2908 619 2974 Paulini
629 2908 781 2988 Nolanus,
797 2908 922 2991 scripsit
935 2926 996 2974 non
1010 2909 1229 2974 contemnenda

97 3029 256 3110 opuscula.
279 3047 352 3094 nam
367 3029 511 3111 epistolas
537 3029 576 3094 ad
602 3047 737 3095 amorem
761 3029 822 3094 Dei
847 3030 879 3094 et
893 3030 1104 3112 contemptum
1118 3028 1228 3093 mundi

96 3148 283 3213 hortatorias
294 3149 418 3232 scripsit
430 3149 525 3214 sorori
536 3168 608 3214 suae
618 3150 751 3229 multas,
767 3168 844 3232 quae
859 3151 890 3215 et
904 3152 993 3215 notae
1008 3151 1088 3216 sunt.
1105 3149 1228 3231 scripsit

99 3270 129 3334 ot
144 3270 184 3334 sd
199 3268 413 3352 supradictum
426 3269 593 3335 Paulinum
606 3269 763 3335 Nolanum
778 3269 854 3335 duas
869 3271 901 3335 et
914 3271 954 3335 ad
968 3270 1045 3335 alios
1060 3270 1152 3349 alias,
1168 3271 1223 3336 sed

99 3391 171 3472 quia
190 3391 226 3455 in
248 3389 404 3473 aliquibus
418 3390 514 3456 etiam
528 3389 692 3456 familiaris
707 3390 872 3456 necessitas
886 3391 1001 3456 inserta
1016 3391 1078 3471 est,
1101 3408 1162 3456 non
1176 3390 1225 3455 di·
1240 3471 1244 3482 Ι

97 3512 257 3595 geruntur.
281 3512 451 3594 composuit
471 3512 503 3576 et
517 3511 666 3577 chronica.
690 3512 815 3594 scripsit
839 3513 871 3577 et
895 3513 934 3578 ad
958 3513 1130 3578 multorum
1154 3529 1226 3594 pro-

97 3630 215 3696 fectum
231 3630 332 3696 uitam
345 3630 430 3696 beati
443 3630 572 3698 Martini
585 3632 727 3698 monachi
747 3635 779 3698 et
802 3632 951 3717 episcopi,
974 3633 1072 3718 signis
1097 3633 1128 3698 et
1152 3649 1224 3714 pro·

97 3751 191 3835 digiis
207 3771 243 3817 ac
258 3751 428 3818 uirtutibus
442 3752 574 3817 illustris
592 3752 671 3818 uiri:
694 3754 725 3818 et
751 3753 947 3818 collationem
971 3751 1166 3818 Postumiam
1191 3751 1223 3815 et

96 3869 180 3936 Galli
195 3890 227 3936 se
242 3873 396 3938 mediante
414 3874 446 3938 et
461 3872 561 3938 iudice
582 3873 619 3938 de
645 3874 873 3940 conuersatione
887 3875 1106 3941 monachorum
1121 3872 1222 3938 orien-

94 3991 208 4056 talium
233 3992 266 4056 et
289 3991 387 4076 ipsius
412 3992 541 4058 Martini
563 3993 703 4058 habitam
723 3995 756 4060 in
777 3995 893 4080 dialogi
908 3996 1039 4079 speciem
1053 3993 1172 4060 duabus
1186 3993 1221 4059 in

96 4112 317 4177 concisionibus
333 4113 575 4196 comprehendit,
597 4113 631 4179 in
645 4133 776 4196 quarum
789 4116 888 4197 priore
908 4116 1001 4182 refert
1015 4134 1069 4180 suo
1083 4115 1221 4198 tempore

94 4233 175 4314 apud
196 4232 416 4298 Alexandriam
440 4233 554 4318 synodo
576 4233 785 4316 episcopomm
812 4236 981 4315 decretum,
1005 4234 1168 4321 Origenem
1188 4237 1220 4303 et

94 4352 215 4418 cautius
236 4372 255 4418 a
276 4351 465 4436 sapientibus
484 4371 539 4436 pro
553 4353 641 4420 bonis
655 4355 821 4440 legendum
835 4357 867 4422 et
880 4376 899 4422 a
912 4357 1015 4422 minus
1029 4356 1222 4442 capientibus
