3050 4984
730 386 878 457 Sulpicii
897 386 1007 443 Seueri

499 1122 900 1223 EPISTVLA
969 1124 1231 1221 PRIMA.

724 1350 785 1414 AD
817 1347 1039 1414 EVSEBIVM.

279 1528 292 1589 l
349 1485 508 1587 Hesterna
527 1521 593 1599 die,
615 1539 686 1586 cum
705 1521 744 1585 ad
765 1540 815 1585 me
841 1522 976 1605 plerique
997 1521 1138 1586 monachi
1158 1520 1328 1599 uenissent,
1351 1521 1436 1585 inter

307 1625 426 1691 fabulas
451 1625 538 1709 iuges
563 1625 750 1709 longumque
775 1642 944 1689 sermonem
968 1624 1083 1688 mentio
1109 1623 1218 1689 incidit
1238 1623 1338 1688 libelli
1357 1624 1433 1701 mei,

307 1747 399 1811 quem
418 1728 456 1792 de
475 1728 542 1791 uita
561 1727 644 1791 beati
657 1726 718 1791 uiri
733 1726 860 1791 Martini
875 1727 1008 1809 episcopi
1028 1726 1128 1805 edidi,
1151 1727 1344 1808 studioseque
1359 1746 1433 1791 eum
1462 1751 1481 1788 ε»

278 1846 326 1899 aa
340 1830 449 1895 multis
463 1830 526 1914 legi
537 1829 741 1894 libentissime
751 1829 922 1894 audiebam.
938 1830 1054 1894 interea
1067 1828 1219 1893 indicatur
1229 1829 1307 1893 mihi
1319 1828 1433 1893 dixisse

306 1934 458 2018 quendam
483 1933 565 1997 malo
590 1932 701 2014 spiritu
727 1932 926 2010 suscitatum,
949 1952 1002 1997 our
1027 1932 1194 2010 Martinus,
1217 1931 1270 2014 qui
1292 1932 1432 1997 mortuos

305 2037 501 2114 suscitasset,
524 2035 664 2105 flammas
679 2035 821 2100 domibus
835 2036 1016 2117 depulisset,
1040 2034 1104 2117 ipse
1124 2054 1218 2117 nuper
1238 2035 1365 2100 adustus
1380 2032 1432 2099 in·

275 2139 409 2206 scendio
435 2138 620 2221 periculosae
645 2137 755 2203 fuisset
780 2138 926 2205 obnoxius
952 2138 1094 2221 passioni.
1118 2156 1134 2202 o
1155 2138 1266 2216 istum,
1290 2137 1431 2219 quisquis

304 2245 366 2322 est,
388 2243 551 2307 misorum!
574 2242 756 2306 Iudaeorum
771 2242 803 2307 in
818 2242 919 2306 uerbis
939 2242 1004 2306 eius
1024 2240 1183 2323 perfidiam
1203 2242 1234 2305 et
1255 2241 1337 2305 dicta
1358 2258 1432 2324 cog·
1444 2267 1478 2305 ιο

304 2346 474 2424 noscimus,
490 2344 543 2427 qui
559 2345 591 2409 in
606 2363 693 2409 cruce
706 2345 843 2427 positum
855 2344 1023 2410 Dominum
1038 2343 1087 2408 his
1101 2344 1203 2408 uerbis
1218 2343 1431 2426 increpabant:

305 2450 403 2515 alios
431 2448 559 2513 saluos
586 2447 697 2526 fecit,
730 2467 767 2512 se
795 2448 920 2529 ipsum
948 2447 1097 2511 saluum
1125 2446 1249 2511 fecere
1275 2464 1346 2511 non
1367 2464 1431 2528 po-

275 2552 391 2619 4test.
415 2570 485 2617 uere
505 2551 579 2627 iste,
603 2550 787 2632 quicumque
802 2550 867 2629 est,
890 2550 954 2613 illis
968 2549 1159 2631 temporibus
1173 2551 1263 2615 natus
1279 2551 1372 2628 esset,
1394 2552 1433 2614 ut

304 2655 337 2719 in
351 2654 520 2718 Dominum
540 2652 597 2717 hac
616 2670 690 2718 uoce
709 2651 859 2733 potuisset
874 2652 987 2730 dicere,
1004 2653 1057 2735 qui
1072 2653 1169 2718 simili
1183 2654 1273 2719 modo
1288 2654 1431 2718 sanctum

275 2755 430 2821 5Domiui
455 2754 618 2819 blasfemat
643 2754 788 2835 exemplo.
813 2754 887 2836 quid
912 2772 998 2839 erge,
1032 2754 1170 2838 quisquis
1197 2775 1243 2834 es,
1277 2756 1473 2821 Martinus1⁵

305 2859 372 2922 ideo
387 2876 447 2922 non
460 2858 582 2939 potens,
604 2856 672 2920 ideo
686 2873 746 2920 non
760 2858 898 2935 sanctus,
915 2858 987 2941 quia
1000 2858 1047 2921 est
1061 2859 1253 2940 periclitatus
1268 2859 1431 2925 incendio?

304 2979 321 3025 o
342 2961 466 3025 beatum
486 2960 518 3024 et
536 2979 590 3042 per
609 2958 712 3023 omnia
732 2958 866 3024 similem
886 2960 1043 3042 Apostolis
1064 2962 1157 3026 etiam
1172 2962 1205 3027 in
1218 2962 1268 3027 his
1283 2962 1432 3027 conuiciis

303 3064 422 3129 uuum!
437 3082 546 3145 nempe
559 3063 616 3128 hoc
630 3063 713 3127 etde
727 3063 825 3127 Paulo
840 3063 985 3147 gentiles,
1007 3083 1078 3129 cum
1091 3083 1161 3130 eum
1176 3066 1281 3148 uipera
1294 3084 1431 3130 momor-

407 3234 444 3291 12
462 3234 559 3288 Metth.
579 3232 626 3297 27,
644 3232 692 3289 42.

354 3391 373 3446 2
392 3390 551 3459 prtulm
570 3389 608 3443 cd
628 3389 778 3443 Eusebium
797 3389 929 3457 scriptam
950 3405 1005 3443 esse
1025 3397 1143 3458 apparet
1163 3406 1197 3445 coc
1217 3392 1293 3445 Diei.
1312 3392 1353 3455 II,
1371 3395 1430 3455 9‚5

358 3476 376 3533 3
394 3476 538 3544 Hesterna]
551 3475 640 3542 Epist.
660 3475 681 3528 Ι
693 3480 719 3528 11
736 3475 775 3528 Π
783 3475 945 3542 cuprionem
956 3482 1063 3543 portem
1074 3478 1172 3531 tertiae
1183 3492 1241 3530 core
1252 3477 1352 3531 111111
1364 3477 1429 3530 ΒΜ

354 3564 373 3621 5
391 3562 508 3631 episcopi
524 3562 561 3615 V:
580 3576 629 3614 om.
643 3560 714 3614 AFo
766 3559 784 3615 7
803 3560 964 3615 concitatum
976 3564 997 3615 2
1008 3561 1084 3615 codd.
1097 3562 1163 3627 Gis,
1176 3563 1343 3620 sciscitatum
1355 3566 1426 3619 coni.

308 3650 390 3707 Geel.
413 3650 499 3703 deleto
518 3647 629 3711 dixisse,
648 3652 679 3700 ct
691 3664 717 3699 c.
731 3646 766 3699 de
778 3646 867 3701 Proto
938 3647 976 3704 10
992 3647 1103 3716 perfidia
1119 3649 1145 3703 V
1212 3650 1247 3706 11
1267 3650 1386 3719 increpat
1402 3651 1431 3704 V

355 3738 392 3795 13
410 3752 471 3790 uere
491 3734 544 3787 iste
564 3749 588 3801 q.
611 3734 652 3785 111
673 3730 731 3784 11111
750 3731 786 3793 (si
806 3730 864 3784 illis
884 3733 1429 3803 1111111111.111111111111111).1111

301 3841 364 3879 uoce
376 3822 509 3892 potuisset
518 3819 606 3873 dicere
618 3817 665 3885 qui
681 3817 719 3870 V.-
738 3816 805 3870 Vere
817 3816 896 3885 plsne
908 3817 961 3872 iste
973 3834 997 3886 q.
1011 3821 1053 3873 est
1065 3820 1089 3873 si
1100 3820 1157 3874 illis
1170 3822 1250 3890 temp.
1264 3824 1343 3875 natus
1356 3824 1429 3875 esset

300 3911 369 3965 etin
380 3910 412 3963 Ι).
424 3908 475 3961 hac
486 3920 550 3959 uoce
561 3903 648 3957 dicere
659 3902 712 3972 (uti
721 3902 758 3971 A)
770 3901 902 3969 potuisset
910 3903 957 3971 qui
966 3904 1039 3958 Are
1047 3908 1185 3961 sententio
1192 3907 1278 3975 plebe
1285 3924 1425 3975 11111111.

301 3995 459 4052 Secundum
478 3991 646 4059 scripturam
666 3988 723 4042 cod.
745 3987 841 4055 optimi
861 3988 910 4043 boc
927 3988 995 4043 dicii
1009 3990 1139 4045 Seuerus:
1160 3992 1226 4057 iste,
1245 3994 1293 4063 qui
1305 3996 1428 4048 sanctum

298 4081 407 4137 Domini
418 4077 588 4147 blasphemet
599 4073 730 4142 exemplo,
748 4074 820 4126 recte
833 4073 894 4141 (111
906 4075 979 4128 errice
990 4076 1066 4130 celet
1077 4093 1138 4131 uere
1150 4080 1173 4133 b.
1188 4080 1219 4147 1.)
1231 4080 1288 4133 illis
1300 4082 1429 4149 tempori·

297 4167 348 4221 bus
367 4169 448 4219 natus
468 4164 539 4217 esset
560 4162 589 4229 (i.
612 4175 632 4213 e.
654 4160 711 4213 11111
731 4164 811 4226 temp,
830 4159 1428 4229 1111111111),1111111111111111111

298 4255 369 4307 11111
380 4251 430 4305 hac
442 4266 505 4304 uoce
516 4250 546 4302 in
558 4245 700 4301 Dominum
712 4242 816 4297 dicendi
879 4244 917 4300 14
929 4245 1005 4299 modo
1021 4247 1058 4302 V:
1072 4263 1119 4303 oce
1135 4250 1206 4304 nro
1259 4251 1296 4308 18
1309 4254 1426 4321 gentiles

296 4337 417 4407 AFQV:
436 4335 552 4404 gentiles
564 4333 636 4387 illio
655 4334 667 4401 ΙΙ
687 4346 746 4384 eum
759 4346 807 4384 om.
822 4328 904 4400 AFQ
