3050 4984
304 461 394 516 XXVI

306 618 429 692 cunda
442 642 557 690 manu
575 617 746 706 inlatam3
764 615 886 712 prima
903 638 1036 687 manus
1050 613 1131 687 leue
1150 613 1287 686 uitium
1306 637 1434 685 auram

233 799 237 805 .
305 738 399 813 bona
421 738 458 837 (i.
483 762 511 811 e.
534 734 643 833 bona)
657 734 765 831 floris
787 734 908 808 habet
934 732 1053 806 Paulo
1076 743 1163 831 post
1185 733 1204 831 ξ
1227 736 1251 805 4
1275 730 1315 804 in
1338 731 1433 804 eodi-

307 859 359 932 cis
382 858 568 955 scriptura
593 856 728 929 leuiter
751 854 958 953 deprauata
989 849 1110 951 ‘quieti
1141 852 1218 951 (qui
1249 864 1282 926 et
1319 848 1433 949 cod.),

304 976 468 1068 modesti,
509 975 568 1051 elei
599 974 715 1049 nostri
747 972 952 1048 liberalitate
986 972 1105 1049 seeum'
1134 997 1255 1071 spem
1284 973 1435 1069 suturae

305 1096 482 1173 felicitatis
499 1093 574 1191 fide
593 1094 793 1193 praesentis
819 1095 892 1167 eius
913 1093 1105 1168 maiestatis
1123 1084 1336 1167 animamur'
1360 1115 1435 1163 non

305 1216 559 1290 dubitauimus
578 1223 726 1287 acutam
741 1212 964 1287 Vahlenii
981 1213 1280 1287 emendationem
1292 1203 1435 1310 ‘spern..

305 1327 513 1409 amrmemus'
540 1326 829 1407 Dauisianae‘in
850 1358 979 1431 spem..
1002 1324 1212 1407 animamur’
1235 1333 1435 1429 praeferre.

305 1454 395 1553 quid
418 1464 540 1528 autern
563 1452 617 1525 illi
639 1453 901 1552 cogitauerim,
942 1454 1005 1549 qui
1027 1454 1155 1526 locum
1183 1454 1235 1525 sic
1257 1450 1435 1549 euulgare

304 1601 379 1648 non
404 1572 672 1649 dubitauerunt
705 1560 779 1671 ‘qui
801 1583 832 1645 et
858 1572 1037 1645 modesti..
1064 1596 1161 1671 spem
1184 1573 1332 1665 futurae
1349 1570 1435 1667 feli·

304 1694 453 1769 altatis..
481 1685 704 1775 antinoensi,
745 1716 814 1765 nos
843 1693 986 1765 nescire
1009 1694 1170 1790 ingenue
1193 1694 1371 1766 fatemur.
1399 1703 1435 1765 et

304 1825 429 1887 tamen
464 1814 510 1886 ad
543 1814 766 1887 sententiam
800 1811 1003 1886 sanandam
1038 1839 1115 1886 non
1138 1839 1232 1912 opus
1255 1823 1339 1887 erat
1364 1811 1436 1885 nisi

303 1934 416 2008 unius
452 1934 594 2006 litterae
625 1931 832 2005 adiectione
866 1942 904 2005 et
933 1931 1085 2006 alterius
1107 1933 1434 2024 transmutatione,

304 2052 582 2150 uniusquidem
607 2051 820 2150 exemplum
848 2052 965 2124 simile
999 2054 1158 2126 habetur
1194 2054 1233 2126 in
1269 2046 1435 2127 eiusdem

304 2174 434 2272 eapitis
458 2172 477 2273 ξ
498 2174 538 2263 6,
566 2172 633 2245 ubi
652 2172 772 2245 codex
794 2172 995 2246 immolemur
1012 2198 1082 2270 pro
1100 2173 1299 2248 immolemus
1316 2173 1435 2247 habet

237 2354 239 2361 .
356 2292 547 2367 Peculiare
566 2292 704 2367 codicis
723 2295 860 2366 uitium
878 2293 1085 2367 notandum
1104 2304 1160 2368 est
1177 2295 1215 2366 in
1230 2318 1309 2393 eap.
1323 2297 1384 2384 40,
1403 2296 1433 2383 1,

304 2413 367 2487 ubi
388 2412 513 2487 nescio
537 2438 612 2512 quo
627 2438 716 2486 casu
740 2423 806 2486 aut
820 2413 963 2487 librarii
980 2415 1215 2513 neglegentia
1236 2415 1300 2486 illa
1318 2413 1435 2487 uerba

302 2522 436 2609 ‘eadem
451 2533 700 2632 tranquillitate
716 2560 786 2632 qua
798 2527 974 2624 uem'mus’,
991 2560 1086 2632 quae
1101 2538 1175 2608 iam
1188 2535 1227 2607 in
1241 2560 1320 2633 cap.
1335 2536 1394 2621 38,
1409 2536 1433 2605 4

303 2664 517 2743 occurrunt,
545 2654 700 2751 repetita
722 2665 818 2727 sunt.
847 2656 884 2727 in
906 2656 1100 2728 manifesta
1121 2655 1202 2727 uitii
1226 2668 1341 2728 cansa
1362 2655 1434 2725 iam

303 2769 499 2846 Vrsinus
518 2798 562 2846 ea
579 2798 627 2846 ex
644 2772 761 2847 alieno
780 2774 863 2847 loco
883 2776 1090 2873 expulerat,
1114 2775 1180 2849 sed
1197 2774 1256 2849 Fr.
1278 2771 1434 2849 Oehle-

303 2915 386 2964 rus
426 2891 576 2988 reliquis
612 2894 841 2985 editoribus,
878 2896 941 2992 qui
980 2897 1056 2969 fere
1093 2921 1221 2968 omnes
1250 2893 1434 2968 Vrsinum

304 3014 420 3086 secuti
439 3023 537 3103 sunt,
553 2993 753 3111 sapientior
777 3014 849 3088 sibi
872 3016 977 3088 uisus
1000 3016 1211 3090 coniectura
1238 3040 1315 3113 qua
1336 3012 1435 3088 haud
1514 2999 1515 3004 ¹

303 3134 378 3206 seio
401 3158 448 3206 an
466 3133 565 3206 nulla
592 3135 752 3233 ineptior
779 3136 985 3233 excogitari
1006 3138 1169 3234 potuerit
1189 3142 1244 3209 ‘ea
1269 3136 1313 3209 ae
1335 3147 1432 3208 tron-

303 3251 470 3349 qmillitate
496 3278 601 3351 mum
622 3244 788 3328 midemms'
815 3254 938 3327 locum
961 3255 1174 3329 sollicitauit
1200 3255 1432 3328 sententiam·
1513 3281 1514 3284 ¹

303 3395 375 3468 que
398 3397 505 3445 suam
528 3371 695 3473 Kaysero
720 3375 904 3472 probauit.

353 3490 472 3564 Paulo
496 3504 580 3589 post
603 3518 631 3564 c.
651 3496 711 3584 40,
735 3499 753 3565 1
779 3494 968 3566 leuissimo
991 3494 1127 3567 codicis
1151 3492 1244 3566 uitio
1267 3505 1347 3565 tota
1363 3490 1431 3564 loci

302 3614 485 3685 sententia
508 3612 709 3685 obscurata
731 3615 870 3687 eratin
893 3614 951 3687 his
973 3614 1116 3687 uerbis:
1155 3610 1329 3689 Caecilius
1354 3637 1432 3685 em·

296 3732 375 3830 pit:
400 3729 479 3828 Epo
511 3729 658 3806 Octauio
680 3758 756 3807 meo
776 3734 975 3832 plurimum
997 3746 1184 3832 mamam,
1210 3735 1272 3807 sed
1292 3747 1324 3809 et
1344 3728 1433 3805 mim

299 3850 462 3949 protutor
487 3874 551 3924 neo
586 3864 726 3949 espeoto
761 3844 975 3927 semmtiam.
1018 3854 1170 3927 m'oemees
1203 3866 1235 3927 et
1265 3853 1317 3926 ito
1348 3852 1431 3949 tut

300 3967 458 4069 improbe
484 3996 618 4069 usurpo
644 3972 843 4047 uictoriam.
870 3999 956 4048 nom
982 3986 1022 4046 ut
1045 3974 1103 4048 ille
1137 3974 1208 4047 mei
1230 3973 1345 4047 uictor
1370 3981 1428 4059 est,

300 4091 353 4165 ito
379 4115 440 4188 epo
468 4089 705 4189 triumphator
730 4094 871 4196 emom's.
910 4095 1066 4192 longum
1089 4105 1146 4169 est
1166 4097 1307 4168 referre
1338 4091 1428 4190 quid

301 4212 447 4309 priores
470 4213 779 4312 excogitauerint,
803 4224 847 4287 ut
865 4214 1045 4289 mendum
1063 4217 1103 4289 in
1121 4215 1183 4290 illo
1198 4210 1249 4290 ‘m
1266 4203 1426 4315 improbi

301 4332 511 4405 auferrent:
551 4358 628 4405 non
662 4334 837 4409 uiderunt
863 4348 902 4409 eet
923 4360 970 4408 ex
994 4337 1052 4409 uel
1071 4346 1200 4410 ortum
1223 4361 1317 4428 esse,
1357 4354 1427 4430 qua
