3050 4984
519 401 624 468 sprec.
644 400 675 453 v.
696 400 739 453 vr.
1134 395 1197 458 255

83 550 169 609 docere
184 569 240 610 non
255 558 368 613 tantum
383 573 445 616 esse
460 559 572 618 timoris
587 564 727 635 quantum
742 560 803 633 ipse
818 556 990 632 praetendis.
1006 554 1113 625 fateor,
1130 555 1197 612 dum

83 672 124 712 nos
144 672 260 728 campus
280 658 435 731 exciperet,
459 678 503 720 me
522 679 605 736 saepe
627 663 715 722 armis
738 661 916 736 eloquentiae
935 661 1004 717 tuae
1027 656 1116 716 fuisse
1131 674 1197 715 oon-

83 758 219 830 territum,
250 761 299 819 sed
325 761 489 836 frequenter
512 766 545 823 ut
570 768 697 839 poteram
723 764 848 824 recidiua
874 762 994 822 uulnera
1019 758 1196 833 reponebam.

83 863 165 919 tecum
191 879 260 921 sane
285 865 438 938 condidici,
476 884 531 942 quo
547 868 608 928 iure
623 867 714 928 coloni
730 884 822 941 quoue
837 866 933 927 ordine
949 864 1129 938 repetantur,
1152 861 1198 920 cui

67 966 204 1037 scupea
219 966 307 1039 actio,
331 968 378 1026 cui
392 986 449 1028 non
464 973 597 1044 conpetat
612 971 706 1031 exitus
721 970 851 1030 actionis.
874 967 1095 1028 volusianenses
1110 964 1153 1023 ais
1169 966 1197 1021 te

83 1067 147 1125 nelle
161 1069 292 1129 reducem
313 1089 346 1131 ac
370 1072 534 1147 frequenter
547 1074 640 1134 iratus
654 1074 814 1149 ingeminas
829 1075 858 1132 te
872 1072 993 1131 rusticos
1008 1086 1042 1129 ex
1057 1084 1120 1127 mea
1135 1068 1197 1125 tur-

83 1174 162 1232 ricula
175 1176 381 1234 retracturum:
405 1179 435 1235 et
459 1176 485 1235 is
510 1178 576 1251 qui,
608 1180 641 1235 ut
666 1194 717 1252 ego
743 1193 824 1250 spero
850 1176 941 1249 adque
955 1172 1105 1252 desidero,
1127 1169 1199 1228 mihi

84 1278 191 1351 antiqua
212 1278 421 1337 necessitudine
447 1280 488 1338 sis
507 1280 674 1354 copulatus,
697 1282 892 1354 correpturum
915 1281 945 1337 te
970 1276 1098 1335 homines
1123 1290 1199 1332 meos

84 1380 257 1440 conuentione
279 1382 410 1456 neglecta
438 1385 544 1442 temere
564 1383 716 1442 minitaris.
740 1398 845 1457 quaero
866 1383 900 1440 de
922 1379 1028 1454 insigni
1049 1376 1201 1452 prudentia

63 1487 137 1559 uiua,
159 1490 258 1545 utrum
279 1485 324 1543 ius
346 1485 424 1543 aliud
439 1486 563 1545 habeant
578 1487 724 1558 aduocati,
747 1486 826 1544 aliud
852 1501 886 1544 ex
910 1482 1033 1557 togatis,
1056 1498 1092 1539 an
1121 1479 1201 1537 aliud

87 1606 195 1662 aequum
211 1590 317 1647 Romae
333 1587 388 1659 sit,
412 1588 491 1647 eliud
505 1590 620 1647 Meteri.

120 1695 145 1750 3.
169 1692 208 1751 Te
224 1691 341 1750 interim
357 1692 450 1749 nescio
465 1691 615 1750 Volusiani
636 1692 718 1750 fundi
739 1710 874 1765 umquam
890 1690 979 1749 fuisse
993 1688 1152 1758 dominum,
1176 1686 1201 1745 si

87 1796 186 1867 quidem
201 1793 358 1867 Dionysius
373 1794 464 1852 fertur
480 1794 541 1853 eius
555 1794 740 1868 possessionis
756 1795 819 1853 iura
839 1810 985 1867 seruasse,
1009 1807 1100 1866 neque
1119 1790 1201 1849 here-

87 1899 125 1956 des
138 1898 217 1957 illius
233 1897 386 1969 deiecisse,
410 1897 461 1970 qui
476 1898 543 1955 dum
558 1896 683 1969 uiueret,
707 1898 749 1957 rei
770 1897 883 1956 naualis
906 1897 936 1955 in
956 1894 1094 1970 plurimos
1114 1909 1202 1952 uena·

66 2011 81 2048 1⁵
87 2001 120 2059 les
133 2002 246 2061 aculeos
262 2001 437 2059 intendebat.
461 1999 519 2059 fuit
534 2017 567 2059 ea
582 2002 752 2074 tempestate
773 2000 948 2074 Porphyrius
963 1999 1078 2073 quidam
1101 1997 1202 2056 Zibbe·

30 2135 31 2138 =
88 2105 138 2162 rino
151 2107 249 2176 satus,
273 2120 364 2176 neque
391 2107 487 2162 tamen
514 2105 589 2162 recte
604 2103 748 2162 zibberini
763 2102 841 2162 lilius
861 2102 1033 2161 nominatus.
1057 2101 1131 2159 idem
1152 2116 1202 2174 ge-

89 2208 152 2265 neris
162 2207 359 2281 quaestionem
374 2206 480 2264 militia
494 2207 677 2279 conuelabat,
694 2208 723 2265 et
737 2208 771 2264 ut
785 2207 888 2265 nubem
904 2223 921 2264 a
935 2205 1028 2264 fronte
1043 2203 1202 2277 repelleret,

90 2309 200 2369 officiosa
214 2310 312 2384 gretia
326 2311 355 2368 et
370 2309 455 2367 laetis
470 2309 612 2383 obsequiis
627 2309 808 2383 fungebatur.
841 2309 964 2366 multum
980 2324 1089 2367 mecum
1104 2306 1161 2365 fuit
1175 2308 1204 2366 et

91 2412 151 2470 domi
165 2415 193 2471 et
208 2414 242 2471 in
256 2412 331 2484 foro,
355 2429 418 2470 cum
438 2429 483 2471 me
503 2413 532 2472 et
547 2413 622 2485 apud
642 2414 752 2492 patrem
773 2410 918 2470 defensore
938 2413 967 2469 et
988 2410 1064 2483 apud
1083 2409 1203 2468 iudicem

68 2518 192 2586 upetrono
209 2516 325 2589 saepius
344 2518 481 2575 uteretur.
505 2515 658 2590 aliquando
683 2514 769 2574 etiam
796 2514 962 2589 Dionysium
985 2513 1201 2588 comprimebam,
1255 2546 1257 2551 ·

90 2620 151 2689 quod
164 2618 324 2693 Porphyrio
339 2636 395 2678 non
410 2619 525 2677 deberet
539 2618 644 2691 uiginti
666 2618 795 2692 iugerum
817 2636 902 2677 causa
916 2619 1095 2677 nauicularia
1109 2618 1203 2692 iurgia

90 2736 258 2782 summouere.

122 2826 147 2881 4.
170 2825 215 2883 En
232 2841 318 2883 cause
338 2826 382 2883 est
403 2841 453 2882 cur
474 2823 596 2897 insignis
611 2825 762 2896 prudentia
783 2827 834 2882 tua
851 2824 922 2883 meis
936 2824 1086 2884 minitetur
1101 2824 1205 2883 actori-

32 2915 33 2920 ’
89 2924 146 2999 bns,
168 2930 201 2986 ut
215 2945 282 2986 curn
297 2928 428 2987 dominus
442 2927 498 2986 loci
512 2944 568 2986 non
589 2928 648 2998 sis,
671 2928 778 3001 passim
793 2928 955 2987 colonorum
970 2945 1095 2988 meorum
1116 2928 1205 2987 facias

32 3055 33 3068 ¹
68 3031 257 3091 amentiorem.
282 3032 311 3090 et
334 3031 359 3089 si
381 3033 411 3089 te
425 3030 577 3104 Porphyrii
597 3031 749 3089 denuntias
770 3048 973 3104 successorem,
997 3031 1102 3106 uiginti
1124 3032 1205 3106 iuge-

32 3117 33 3180 1
91 3147 141 3190 rum
154 3135 233 3192 noris
248 3133 397 3208 angustias
418 3150 454 3192 ne
476 3133 512 3191 ab
532 3150 588 3191 uno
603 3132 717 3207 quidem
732 3134 841 3192 cultore
856 3150 937 3207 posse
952 3135 1086 3193 tractari:
1110 3137 1160 3193 aut
1180 3134 1206 3192 si

90 3235 272 3296 tememorem
287 3238 488 3309 custodemque
503 3236 633 3309 propriae
648 3235 800 3309 dignitatis
821 3236 900 3309 piget
915 3236 1046 3296 heredem
1060 3237 1206 3297 nominare

33 3319 34 3324 ἵ
91 3336 244 3413 Porphyrii,
267 3341 376 3397 certum
402 3338 643 3411 manifestumque
669 3340 713 3397 est
738 3338 823 3396 illum
849 3355 930 3411 posse
955 3356 1127 3413 proponere,
1156 3339 1206 3414 qui

33 3499 34 3512 ,
92 3443 250 3513 proponendi
265 3442 370 3502 habeat
385 3442 567 3511 facultatem,
592 3443 625 3499 ut
640 3442 790 3499 aduersum
806 3458 853 3499 eos
868 3440 1043 3513 experietur,
1068 3442 1118 3515 qui
1133 3441 1205 3500 nihil

70 3552 118 3597 uer
130 3546 221 3604 eadem
238 3547 315 3604 terra
329 3545 501 3619 possideant.
525 3548 650 3603 ceterum
672 3543 697 3602 si
712 3543 866 3617 diligenter·
889 3544 1041 3618 inspicias,
1064 3544 1135 3603 mihi
1155 3562 1206 3617 po·

92 3643 218 3705 tissimum
246 3647 350 3706 deferri
370 3650 465 3720 potest
487 3646 608 3705 intentio
623 3647 778 3719 repetendi.
803 3664 905 3719 quare,
928 3647 1038 3706 domine
1061 3646 1205 3721 praedice-

93 3744 147 3804 bilis
160 3748 264 3820 irater,
280 3750 410 3822 quiescas
424 3752 535 3823 oportet
550 3751 578 3808 et
594 3765 702 3808 mecum
717 3750 816 3808 redeas
830 3749 860 3807 in
876 3750 998 3823 gretiam
1014 3753 1043 3809 et
1058 3750 1093 3807 ad
1109 3748 1206 3823 priua·

120 3929 136 3983 2
152 3932 231 3985 amris
240 3933 307 4001 eloq.
321 3935 384 3986 tuae
396 3934 434 3986 P:
448 3933 601 4001 eloquentia
612 3935 661 3986 tua
673 3932 732 3985 cdd.
788 3933 806 3988 6
824 3932 944 3987 reducem
956 3933 995 3987 P:
1008 3930 1130 3985 reducere
1145 3930 1204 3984 edri.

135 4015 151 4069 8
169 4018 293 4086 antiquae
307 4020 334 4073 P
353 4020 365 4086 11
389 4021 570 4088 correpturum
583 4020 623 4074 P:
642 4018 822 4073 coniecturum
834 4018 894 4073 edd.
951 4018 989 4075 10
1005 4019 1069 4085 sort.
1083 4016 1157 4071 aliud
1169 4016 1207 4070 sit

35 4087 36 4180 i
95 4098 138 4166 iog-
206 4104 240 4159 11
260 4108 302 4158 est
323 4105 388 4158 libri
412 4108 424 4172 ΙΙ
443 4105 549 4159 matari
569 4107 597 4159 te
614 4104 724 4158 interim
736 4105 824 4159 nescio
842 4104 975 4159 uolusiani
996 4103 1035 4156 P:
1053 4102 1204 4157 Mataritee.

96 4180 191 4240 Interim
203 4190 290 4243 nescio
302 4190 441 4244 Volusium
453 4190 513 4244 edd.
581 4191 617 4247 13
635 4190 766 4245 dionisius
779 4191 806 4244 P
882 4190 919 4247 14
939 4188 1027 4257 illius]
1050 4188 1121 4242 aliuo
1142 4189 1163 4257 (i
1175 4190 1207 4243 irc

36 4337 37 4346 ἵ
97 4273 186 4340 111.)Ρ
204 4277 216 4343 ΙΙ
236 4276 543 4340 nuenalesPdcietan,
567 4276 780 4330 uenenalesedd.
837 4277 872 4334 15
891 4274 1023 4344 porfyrius
1036 4274 1063 4328 P
1116 4275 1152 4331 16
1171 4274 1207 4327 si-

36 4397 37 4414 2
100 4354 172 4411 tusP
221 4362 258 4418 21
277 4362 396 4431 pyrfyrio
411 4364 438 4416 P
489 4362 527 4420 25
545 4362 658 4432 pyrfyrii
671 4364 698 4416 P
