3050 4984
283 390 322 440 VI

285 544 400 643 possit
423 542 511 641 quid
532 543 569 615 in
594 542 719 617 codice
743 542 850 616 unico
874 542 1050 641 scripturn
1073 544 1289 619 inueniatur.
1339 553 1411 613 tarn

175 751 178 758 Ι
285 662 449 761 diligenti
473 688 558 736 cura
580 688 622 735 eo
645 663 761 761 magis
785 688 876 761 opus
900 687 977 735 esse
1001 662 1212 754 uidebatur,
1242 689 1314 762 quo
1333 686 1412 735 cor·

284 782 427 882 ruptior
449 781 589 856 libellus
613 783 658 855 ad
681 809 748 856 nos
771 782 931 881 perlatus
954 796 1019 856 est.
1043 784 1148 857 multi
1170 783 1346 884 philologi
1369 782 1414 854 de

284 929 326 976 eo
350 903 576 975 emendando
600 902 735 1001 optime
766 913 993 993 meruerunt,
1030 930 1077 977 ex
1108 904 1240 1002 quibus
1271 913 1414 1002 praeter

287 1035 426 1097 ceteros
447 1022 675 1095 ‚nominandi
710 1032 796 1095 sunt
829 1022 1027 1096 Fuluius
1050 1022 1249 1098 Vrsinus
1280 1022 1411 1112 Italus,

282 1144 346 1216 «lo.
370 1122 893 1239 Meursius‘Francogallus,
921 1142 945 1214 ,J
957 1169 988 1216 ο.
1014 1143 1235 1217 Dauisius
1258 1141 1412 1238 Anglus,

284 1262 535 1335 Cornelius
559 1261 778 1335 Valerius
801 1261 960 1336 Vonck
982 1263 1152 1354 Batauus,
1182 1263 1247 1337 do.
1279 1260 1415 1335 aWo·

283 1408 373 1456 wer
396 1380 984 1480 etOhrist.Aug.Heumann
1009 1380 1189 1457 Germani.
1208 1384 1272 1456 sed
1291 1407 1415 1480 quam-

285 1528 393 1600 quam
416 1501 520 1574 multi
542 1500 612 1575 loci
636 1502 802 1600 corrupti
832 1501 995 1600 priorum
1025 1502 1180 1601 ingeniis
1212 1513 1313 1576 certo
1337 1526 1414 1574 cor·

285 1623 376 1695 recti
398 1634 494 1711 sunt,
517 1621 617 1720 larga
630 1633 751 1695 tamen
766 1622 981 1695 emendandi
995 1622 1098 1721 copia
1111 1633 1147 1696 et
1161 1621 1267 1695 nobis
1290 1620 1416 1694 relicta

285 1755 361 1817 erat
385 1755 421 1814 et
443 1753 527 1840 post
540 1754 701 1814 nostram
717 1741 987 1840 amicorumque
1001 1767 1123 1815 curam
1137 1743 1293 1841 posteris
1308 1741 1415 1814 relin-

285 1873 427 1960 quetur.
456 1860 626 1958 quoniam
649 1871 770 1934 autem
800 1888 820 1932 a
849 1861 1057 1960 scripturis,
1089 1863 1238 1960 quaein
1262 1860 1414 1934 nouissi-

287 1982 354 2055 mis
377 1980 488 2054 libelli
512 1980 780 2079 exemplaribus
804 1981 1127 2072 circumferuntur,
1150 2007 1323 2081 persaepe
1343 1980 1415 2054 dis-

287 2100 472 2191 cessimus,
496 2100 593 2173 haud
616 2099 679 2173 abs
702 2125 742 2173 re
765 2100 883 2199 uisum
907 2113 962 2175 est
985 2102 1029 2175 de
1048 2101 1296 2201 compluribus
1314 2099 1414 2191 locis,

285 2248 441 2320 quorum
473 2222 582 2295 lectio
613 2220 730 2294 adhuc
761 2220 898 2295 incerta
931 2232 993 2294 aut
1014 2222 1102 2295 falsa
1133 2221 1342 2311 uidebatur,
1377 2221 1415 2293 in

286 2343 352 2415 hac
375 2340 595 2440 praefatione
617 2340 724 2439 paulo
754 2340 954 2414 accuratius
984 2341 1169 2440 disputare
1199 2352 1416 2439 nostrasque

285 2462 443 2535 rationes
467 2460 637 2534 breuibus
656 2460 879 2558 argumentis
898 2460 1123 2536 confirmare.
1147 2462 1191 2532 ad
1212 2488 1321 2559 quam
1339 2485 1416 2533 rem

287 2582 498 2680 priusquam
521 2580 795 2679 adgrediamur,
827 2580 951 2654 amicis
975 2580 1227 2654 Dombarto
1249 2591 1287 2654 et
1309 2580 1415 2659 Vse·

283 2727 415 2790 nere,
452 2702 488 2773 in
517 2701 644 2799 primis
677 2710 798 2773 autem
820 2698 1053 2775 Vahlenio
1076 2700 1256 2774 maximae
1278 2700 1415 2798 gratiae

285 2818 428 2919 publice
450 2820 610 2917 agendae
631 2831 737 2909 sunt,
761 2820 877 2916 quod,
902 2846 993 2917 quae
1011 2821 1080 2920 ipsi
1098 2822 1135 2894 in
1154 2820 1276 2894 libello
1296 2846 1415 2894 emen·

286 2940 479 3027 dauerant,
514 2964 554 3011 ea
584 2938 866 3038 promptissimis
889 2940 1019 3014 animis
1042 2966 1184 3015 mecum
1213 2940 1415 3015 communi-

287 3085 368 3133 care
391 3058 592 3133 uoluerunt.
630 3058 829 3134 Vahlenius
853 3074 974 3133 autem
1005 3087 1046 3134 ea
1075 3088 1115 3135 re
1145 3062 1309 3134 nondum
1333 3087 1415 3135 con·

283 3189 406 3252 tentus
450 3204 531 3252 cum
575 3181 611 3251 in
651 3179 805 3278 plagulis
841 3179 1065 3279 corrigendis
1109 3180 1230 3254 labore
1266 3182 1413 3268 sociato,

286 3311 365 3371 tum
398 3298 436 3371 in
474 3298 641 3373 uniuersa
675 3299 786 3373 libelli
829 3301 1040 3375 recensione
1075 3299 1209 3375 iudicio
1246 3326 1314 3374 suo
1349 3326 1415 3374 nos

290 3419 434 3518 egregie
457 3420 605 3493 adiuuit.

337 3540 408 3613 Sed
431 3550 473 3612 ut
504 3566 524 3611 a
552 3539 632 3613 loco
661 3540 900 3615 uexatissimo
931 3540 1135 3634 ordiamur,
1175 3542 1212 3615 in
1245 3552 1417 3641 corrupta

282 3658 415 3733 codicis
438 3659 619 3758 scriptura
641 3686 716 3760 cap.
744 3667 778 3753 5,
802 3665 822 3755 ᾧ
850 3667 871 3734 5
903 3652 995 3735 ‘cana
1018 3674 1153 3735 tantum
1180 3662 1273 3735 absit
1294 3662 1340 3735 ab
1362 3686 1414 3735 ea·

274 3778 476 3877 ploratione
498 3779 626 3853 diuina
657 3780 816 3856 bumana
848 3780 1093 3868 mediocritas,
1132 3792 1173 3855 ut
1193 3806 1305 3879 neque
1326 3804 1416 3879 pauc

279 3924 391 3997 supra
407 3900 585 3974 noecaclo
608 3926 780 3999 artaperses
801 3899 944 3976 sublata
967 3913 1050 3975 sunt
1071 3926 1182 4001 neque
1204 3926 1331 3999 quac..
1356 3900 1413 3973 dc-

280 4044 395 4093 mersa
416 4032 513 4110 aunt,
551 4033 615 4095 act
635 4022 724 4095 acirc
753 4020 801 4094 sit
829 4021 954 4095 datam
988 4032 1030 4094 ut
1057 4033 1215 4095 emutare
1237 4020 1277 4118 (i.
1300 4047 1329 4093 e.
1353 4030 1415 4092 aut

280 4140 448 4234 scrutari)
462 4140 676 4238 permissum
696 4152 760 4213 cut
780 4141 993 4237 stuprari
1013 4134 1229 4239 religiosum'
1254 4140 1292 4213 id
1317 4138 1413 4237 quod

281 4258 391 4356 uulgo
423 4284 470 4333 ex
504 4260 528 4332 J
537 4286 597 4334 os.
621 4258 860 4358 Scaligeri
895 4260 1101 4335 coniectura
1137 4260 1308 4333 scribitur
1343 4269 1405 4333 cut
