3050 4984
606 380 712 449 Epist.
731 379 767 433 H.
997 317 1006 334 Ι
1188 378 1250 442 249

112 537 197 612 fuge.
222 540 252 596 11
264 540 341 610 tunc,
358 538 384 596 si
398 538 480 610 forte,
498 538 564 598 uino
579 538 680 613 exiguo
695 542 790 611 utere,
807 556 871 597 cum
883 537 1021 597 stomachi
1033 538 1112 596 dolor
1124 539 1152 595 et
1163 536 1252 595 nimia

113 641 246 715 corporis
260 641 413 715 compellat
426 641 588 701 infirmitas.
612 642 788 701 iracundiam
803 642 901 714 uince,
918 640 1127 700 animositatem
1142 639 1250 711 cohibe,

113 747 146 803 et
175 744 313 818 quioquid
337 744 411 803 illud
436 746 481 803 est
509 746 584 818 quod
604 748 669 819 post
683 744 792 804 tactum
806 744 1012 819 paenitentiam
1027 743 1146 817 ingerit,
1170 743 1252 802 uelut

113 847 244 921 proximi
259 846 386 906 oriminis
400 847 638 907 abominationem
652 848 772 908 declina.
790 848 861 907 satis
877 846 1065 921 tranquillam
1080 847 1109 905 et
1124 845 1250 919 quietam

75 967 91 1005 a
113 967 181 1009 esse
195 950 329 1008 conuenit
343 952 466 1009 mentem
480 952 510 1009 et
525 952 561 1009 ab
575 951 652 1010 omui
667 951 880 1024 perturbatione
896 949 1001 1009 furoris
1016 949 1155 1020 alienam,
1178 964 1250 1021 quae

112 1053 172 1112 Dei
186 1053 384 1111 habitaculum
398 1069 460 1112 esse
474 1054 629 1127 domuerat,
653 1056 728 1128 quod
743 1071 794 1127 per
808 1054 980 1128 Prophetam
995 1054 1120 1111 testatur
1137 1052 1248 1110 diceus:

114 1156 233 1229 Super
254 1171 360 1230 quem
382 1156 615 1230 requiescam
643 1157 755 1216 alium
788 1156 862 1216 nisi
884 1173 995 1230 super
1016 1156 1190 1215 humilem
1212 1157 1249 1214 et

113 1258 287 1332 quietum
308 1261 345 1317 et
367 1260 585 1319 trementem
606 1261 715 1319 uerba
737 1256 832 1320 mea?
855 1260 987 1319 Omnium
1003 1258 1249 1332 operumetoogi·

111 1362 260 1421 tationem
285 1363 400 1421 tuarum
426 1364 631 1436 speculatorem
657 1363 747 1423 Deum
767 1364 862 1436 erede,
886 1364 915 1423 et
930 1379 999 1422 caue
1022 1380 1058 1421 ne
1079 1362 1157 1437 quid,
1174 1362 1249 1435 quod

76 1464 225 1523 ¹⁰diuinis
249 1465 340 1523 oeulis
354 1465 503 1540 indignum
525 1468 574 1539 sit,
599 1469 650 1526 aut
665 1466 791 1540 opereris
806 1468 856 1525 aut
872 1466 988 1540 cogites.
1013 1482 1076 1524 cum
1091 1464 1248 1525 orationem

111 1568 258 1627 celebrare
273 1568 430 1642 desideras,
449 1570 537 1628 talem
552 1571 581 1628 te
597 1570 713 1642 exhibe,
735 1569 817 1643 quasi
833 1569 873 1628 sis
888 1586 952 1628 cum
966 1568 1085 1627 Domino
1101 1568 1239 1626 locutura

110 1688 179 1730 curn
205 1670 348 1744 psalmum
369 1672 454 1745 dicis,
478 1672 559 1731 cuius
581 1673 669 1731 uerba
685 1672 763 1745 {dicis
784 1688 919 1747 agnosce,
942 1674 971 1730 et
991 1671 1022 1729 in
1044 1671 1298 1743 concretionem

6 1821 7 1828 ,
108 1774 208 1848 magis
234 1775 323 1832 enimi
348 1792 434 1848 quam
458 1775 489 1834 in
515 1776 645 1834 tinnulae
672 1776 751 1834 uocis
772 1775 921 1835 dulcedine
941 1775 1091 1833 delectare.
1114 1774 1248 1833 lacrimas

109 1877 191 1935 euim
217 1878 370 1951 psallentis
394 1879 471 1937 Deus
495 1880 588 1953 magis
614 1896 699 1952 quam
725 1879 804 1937 uocis
828 1878 951 1953 gratiam
972 1877 1149 1952 comprobat,
1173 1878 1247 1937 sicut

78 1981 261 2054 ¹⁵Propheta
286 1981 371 2040 dicit:
408 1983 554 2041 seruite
587 1982 737 2042 Domino
759 1982 798 2040 in
819 1981 948 2040 timore
970 1983 1008 2040 et
1030 1981 1190 2040 exultate
1212 1981 1247 2039 ei

110 2100 189 2142 cum
205 2085 369 2142 tremore.
393 2085 442 2144 ubi
457 2085 543 2144 timor
557 2088 586 2144 et
600 2087 706 2144 tremor
721 2087 781 2157 est,
798 2083 838 2143 ibi
853 2101 909 2143 nou
924 2083 1002 2143 uocis
1016 2084 1102 2143 elatio
1118 2084 1178 2156 est,
1198 2085 1246 2143 sed

110 2186 204 2244 animi
219 2185 323 2245 flebilis
337 2189 367 2245 et
381 2187 532 2247 lacrimosa
546 2188 674 2247 deiectio.
698 2187 829 2246 omnibus
850 2186 963 2245 actibus
983 2187 1042 2246 tuis
1063 2187 1244 2261 diligentiam

110 2289 228 2362 adhibe,
244 2290 312 2362 quia
327 2290 465 2363 scriptum
480 2294 538 2349 est:
562 2290 788 2350 maledictus
809 2290 910 2348 homo
932 2289 995 2362 qui
1017 2287 1110 2348 facit
1132 2306 1245 2362 opera

109 2392 259 2483 Domini
281 2394 538 2468 neglegenter.
563 2394 677 2453 Crescat
702 2393 733 2451 in
758 2394 866 2452 tecum
893 2392 976 2451 annis
1000 2392 1112 2466 gratia,
1136 2395 1243 2451 crescat

75 2504 176 2555 etcum
187 2498 283 2555 aetate
298 2496 425 2570 iustitis,
448 2499 477 2557 et
491 2497 562 2556 fides
576 2514 608 2556 eo
623 2496 774 2571 perfectior
790 2496 922 2554 uideatur
936 2511 997 2553 esse
1013 2512 1067 2569 quo
1089 2496 1182 2555 senior
1202 2513 1242 2568 es,

110 2599 182 2675 quia
208 2600 305 2674 Iesus,
329 2600 379 2674 qui
404 2600 486 2660 uobis
511 2600 629 2659 uiuendi
653 2599 772 2674 reliquit
798 2598 972 2672 exemplum,
996 2598 1161 2671 proficiebat
1187 2617 1243 2658 non

217 2800 242 2856 7.
262 2800 297 2855 Is.
312 2800 359 2864 66,
372 2801 397 2854 2.
436 2801 480 2860 15.
500 2800 543 2855 Ps.
558 2800 585 2865 2,
601 2800 647 2856 11.
685 2798 730 2856 18.
749 2800 803 2854 Jer.
817 2798 864 2864 48,
881 2798 925 2856 10.

162 2972 178 3027 1
198 2973 227 3024 11
236 2973 344 3026 tunc-
353 2972 497 3025 infirmitas
509 2988 558 3025 oea.
571 2972 599 3025 A
622 2972 634 3038 ΙΙ
657 2971 696 3024 sic
707 2970 776 3024 forte
793 2969 819 3023 V
839 2972 851 3039 Η
873 2972 948 3024 utere
966 2972 997 3023 ut
1018 2970 1149 3024 stomachi
1167 2970 1242 3023 dolor

103 3059 135 3109 et
156 3057 262 3111 animae
273 3057 441 3126 corporisque
453 3057 601 3126 expellatur
614 3056 759 3110 infirmitas
785 3056 811 3109 V
831 3057 843 3123 ll
866 3055 940 3110 dolor
955 3058 983 3109 11
995 3056 1080 3110 nimia
1091 3056 1133 3111 11.·
1153 3056 1242 3111 dolore

104 3142 191 3195 nimio
217 3142 241 3198 0
307 3142 326 3200 3
344 3143 420 3198 uelut
430 3142 544 3212 proximi
556 3142 677 3197 criminis
689 3141 762 3195 AH:
781 3141 857 3195 uelut
869 3157 918 3195 om.
940 3141 978 3206 11,
1006 3158 1053 3210 pro
1065 3143 1180 3196 maximo
1192 3143 1243 3195 cri-

104 3228 179 3281 mine
191 3228 306 3297 proximi
318 3228 439 3283 criminis
451 3229 504 3284 GV
550 3228 570 3285 4
582 3227 798 3282 abhominatione
815 3227 841 3281 V
860 3229 872 3295 ΙΙ
895 3227 1014 3295 quietam
1027 3230 1055 3281 11
1066 3228 1243 3297 tranquillam

103 3314 233 3367 conuenit
245 3330 302 3368 esse
318 3314 341 3370 0
403 3315 421 3373 5
439 3316 467 3367 et
478 3330 527 3368 orn.
541 3316 557 3369 b
578 3315 590 3381 ΙΙ
613 3313 768 3383 perbatioue
779 3312 807 3368 R
867 3312 884 3371 6
903 3313 973 3382 quod
983 3329 1031 3381 per
1043 3345 1076 3353 -
1089 3313 1172 3369 uerba
1183 3331 1242 3369 mea

106 3416 158 3453 one.
171 3400 199 3454 A
216 3400 228 3467 ll
244 3399 315 3468 quod
330 3401 368 3454 V:
390 3400 437 3468 qui
452 3400 501 3455 GR
523 3402 535 3469 ΙΙ
558 3400 648 3455 dicens
660 3399 699 3453 11.
718 3400 787 3454 Vall.
802 3404 828 3453 et
843 3399 881 3453 V:
895 3402 923 3453 et
933 3399 1002 3453 dicit
1019 3400 1067 3455 GR
1137 3400 1242 3469 81111-

104 3488 166 3539 tam
178 3484 207 3540 R
228 3487 240 3553 11
263 3502 395 3540 sermones
407 3502 478 3540 meos
495 3486 517 3541 0
539 3486 551 3554 ΙΙ
571 3485 696 3542 Omnium
706 3516 738 3523 —
747 3484 849 3555 cogites
862 3485 959 3552 (1.10)
977 3486 1005 3539 Α
1015 3492 1077 3553 poet
1089 3485 1242 3554 comprobat

105 3573 148 3638 (1.
170 3573 217 3639 14)
237 3572 319 3627 11111
389 3570 621 3628 eleemona
644 3573 656 3639 Η
679 3569 744 3640 quid
765 3570 834 3639 quod
858 3571 924 3625 GV:
943 3570 1089 3641 quidquam
1112 3570 1181 3639 quod
1202 3571 1240 3635 H,

107 3657 253 3725 quicquam
273 3656 348 3726 (11111.
369 3674 403 3711 1.
425 3660 445 3711 2
465 3657 545 3728 quod)
565 3656 592 3712 11
645 3657 682 3713 11
701 3656 779 3725 quasi
804 3656 842 3711 V:
862 3656 940 3725 quasi
959 3655 1118 3725 quaeAOR
1146 3658 1158 3725 ΙΙ
1181 3672 1241 3710 cum

106 3742 205 3797 DeoO
266 3743 304 3800 12
322 3743 405 3797 uerba
416 3741 483 3797 diois
495 3744 569 3797 AH:
587 3760 612 3796 u.
627 3742 775 3810 diceris—R,
794 3758 819 3796 u.
841 3742 957 3811 loqueris
973 3742 1009 3807 V,
1028 3742 1194 3811 tuloqueris
1219 3742 1243 3797 0

171 3828 210 3884 14
233 3828 528 3899 sicut-neglegenter
540 3832 579 3897 (1.
592 3829 640 3897 19)
652 3845 701 3883 om.
715 3829 749 3881 A
773 3827 849 3896 Quae
870 3828 999 3897 deinceps
1019 3829 1051 3883 11
1070 3828 1099 3882 A
1118 3844 1239 3896 sequere·

107 3921 171 3982 tur,
189 3930 248 3969 111
266 3920 334 3969 suat
354 3915 411 3969 aiei
426 3931 536 3982 paucae
554 3915 708 3969 1111111111
729 3915 880 3969 trecentae.
937 3914 974 3970 16
993 3931 1045 3968 non
1065 3914 1105 3967 ibi
1131 3914 1168 3978 V,
1187 3930 1240 3971 nou

106 4000 156 4054 ubi
167 4000 196 4055 R
249 4000 285 4057 17
303 3999 413 4055 dileetio
424 3998 467 4069 R;
477 4007 540 4069 post
552 4000 665 4055 deiectio
677 4001 710 4055 11
726 4000 889 4055 7111111111
901 4006 954 4055 est:
967 4000 1048 4054 Dicat
1060 4001 1087 4053 et
1099 4000 1152 4054 tibi
1166 3999 1238 4055 deus.

105 4086 209 4140 Audiui
220 4101 311 4140 uocem
322 4086 450 4141 orationis
462 4087 525 4140 tuae
537 4088 565 4140 et
576 4086 667 4155 aspexi
679 4085 804 4139 lacrimas
816 4089 878 4141 tuas
945 4084 982 4141 18
1000 4084 1097 4139 adhibe
1108 4084 1178 4141 RV:
1197 4103 1240 4141 ex·

106 4172 172 4225 hibe
186 4171 209 4227 Ο
227 4174 239 4240 ll
258 4172 336 4226 homo
347 4188 396 4225 om.
412 4172 436 4227 0
451 4174 465 4241 ΙΙ
484 4188 563 4241 opera
574 4172 675 4226 domiui
689 4171 779 4227 GRV:
798 4187 862 4240 opus
875 4171 917 4226 dei
926 4172 971 4238 H,
995 4170 1072 4239 Valy.
1083 4172 1163 4226 turbet
1174 4189 1240 4242 opus

3 4313 5 4328 ‚
105 4257 388 4322 Domini,cedLXX:
402 4257 435 4310 τὰ
445 4258 512 4331 ἔργα
522 4264 619 4329 κυρίου
664 4257 857 4325 regrauama
900 4254 1069 4311 20111110
1110 4257 1240 4314 arrosus

106 4342 150 4397 11.·
169 4343 248 4397 Jesus
260 4341 382 4397 domiuus
399 4344 434 4408 V,
453 4343 575 4397 dominus
587 4344 665 4397 Jesus
682 4343 714 4407 0,
733 4342 862 4395 Dominus
875 4342 964 4395 noster
976 4341 1099 4396 JesusH
1147 4342 1149 4345 ’
