3050 4984
321 410 385 461 XVI

323 565 488 640 locorum
514 565 661 639 Firmici
689 567 858 656 Materni,
886 592 915 641 c.
935 570 980 640 12
1009 571 1029 661 §
1053 570 1091 658 8,
1121 567 1182 641 ubi
1210 569 1329 642 codex
1348 569 1455 669 plane

324 684 446 785 inepte
485 684 608 759 habet:
648 684 691 759 ab
718 685 880 785 Apolline
907 713 949 761 ea
974 686 1143 788 Marsyae
1176 687 1348 762 casibus
1375 714 1456 763 cra·

321 807 451 881 delium
483 819 735 881 tomaeatorane
762 806 931 882 casibus
971 808 1100 899 descat,
1143 834 1209 881 nec
1234 808 1356 882 multo
1379 834 1456 883 me-

321 926 391 1000 lius
415 952 443 1001 c.
469 930 504 1020 3,
529 929 567 1000 3:
593 940 740 1001 mortem
765 928 876 1026 lusiam
904 927 1076 1025 (Attidis)
1104 929 1240 1019 dicuat,
1282 931 1390 1027 qaod·
1404 955 1455 1003 se·

322 1046 421 1121 mina
448 1048 604 1121 collecta.
621 1050 880 1140 conduntur,
919 1048 1032 1122 altam
1057 1075 1198 1141 rursus,
1237 1051 1334 1149 qaod
1349 1049 1457 1125 ‘laeta

318 1167 457 1241 semaiae
483 1168 612 1241 aaaae's
637 1167 774 1243 uicibus
798 1171 1102 1243 recondantur.

373 1286 456 1387 Cap.
484 1291 542 1377 18,
567 1292 588 1362 6
616 1286 655 1360 in
682 1288 739 1362 his
762 1288 884 1362 uerbis
910 1288 1042 1363 ‘oms'tto
1067 1286 1195 1363 Persas
1217 1291 1259 1363 de
1283 1314 1453 1388 equolam

316 1404 458 1481 banada
480 1420 693 1507 cauaraates
710 1408 979 1508 praecamina,
1021 1422 1053 1484 et
1087 1401 1337 1483 lleebaaoram
1365 1435 1452 1508 per·

318 1540 496 1603 moaaam
522 1527 689 1625 fabulam
724 1520 872 1603 transeo'
914 1529 1118 1603 emendatio
1145 1528 1295 1602 Meursii
1325 1540 1362 1601 et
1390 1528 1452 1602 Ri·
1511 1625 1512 1630 Ἰ

317 1648 436 1747 galtii,
480 1676 588 1749 quam
627 1676 694 1723 nos
723 1676 867 1748 quoque
895 1649 1009 1723 secuti
1036 1675 1160 1723 sumus
1186 1642 1452 1723 ‘Thebanorum

309 1794 402 1867 par,
437 1783 613 1845 mortuam
626 1762 801 1868 fabulam'
843 1769 886 1843 ab
914 1768 1082 1843 omnibus
1108 1769 1184 1843 iere
1209 1780 1357 1869 recepta
1385 1780 1450 1860 est,

317 1889 430 1987 petita
456 1889 515 1962 illa
538 1916 585 1963 ex
609 1889 782 1989 Cypriani
810 1888 903 1963 libro
931 1890 976 1963 de
1002 1888 1087 1963 idol.
1116 1889 1226 1963 uanit.
1255 1895 1292 1981 5,
1318 1893 1360 1979 2,
1388 1888 1450 1988 qui

315 2010 588 2084 antecedentem
618 2036 766 2109 quoque
793 2010 1008 2085 sententiam
1035 2010 1110 2083 fere
1136 2010 1181 2081 ad
1209 2009 1363 2084 uerbum
1390 2034 1445 2083 rc-

317 2129 433 2229 pctiit.
475 2155 572 2204 nunc
598 2142 718 2203 tamen
745 2155 803 2203 me
831 2141 955 2204 monet
983 2128 1199 2220 VahleniuS‚
1241 2128 1447 2204 uetustissi-

316 2275 414 2321 mum
444 2249 603 2323 codicem
635 2249 884 2324 Veronensem
919 2275 1016 2323 nunc
1042 2249 1272 2350 deperditum
1301 2252 1338 2323 in
1366 2250 1445 2323 loco
1511 2241 1512 2246 ¹

316 2365 491 2470 Cypriani
518 2397 592 2444 non
619 2369 751 2444 habere
777 2370 967 2444 lectionem
1010 2361 1272 2445 ‘Thebanorum
1305 2396 1445 2470 aerata-

315 2489 412 2565 ae'tas
433 2482 547 2590 rapta'
575 2493 638 2578 sed
664 2478 926 2565 ‘Thebanorum
947 2492 1111 2588 fratrum
1131 2516 1289 2589 caman.
1317 2490 1443 2590 rapta,

317 2610 413 2684 unde
440 2609 638 2685 Vahlenius
665 2611 743 2711 ipse
770 2612 866 2684 haud
893 2610 1180 2710 improbabiliter
1206 2612 1365 2686 coniecit
1392 2610 1443 2683 lo·

315 2755 399 2805 cum
428 2731 576 2806 Minucii
603 2732 655 2805 sic
688 2732 811 2832 potius
845 2731 1101 2830 corrigendum
1135 2732 1269 2805 uideri:
1309 2729 1443 2806 Theba·
1511 2745 1512 2748 ’

311 2876 441 2925 aarum
454 2854 617 2947 fratrum
638 2852 906 2927 tatamortaam
925 2850 1101 2948 fabulam.
1143 2850 1219 2925 Nec
1258 2876 1338 2924 eam
1373 2851 1442 2923 lec-

310 2970 448 3045 tionem
473 2970 569 3044 idem
592 2972 708 3045 codex
724 2972 948 3046 Veronensis
970 2973 1009 3045 in
1024 2970 1132 3071 Cypr.
1154 2970 1178 3045 l.
1197 2996 1226 3043 c.
1247 2974 1281 3062 2,
1307 2975 1328 3045 2
1352 2993 1441 3069 quae

311 3090 350 3164 in
378 3091 597 3167 editionibus
625 3104 745 3167 exstat
772 3091 879 3167 habet
904 3086 1116 3166 ‘Alexander
1133 3090 1291 3188 Maaaus
1308 3087 1444 3188 aasayac'
1511 3175 1512 3180 1

311 3213 488 3287 uolumine
511 3215 560 3287 ad
580 3226 727 3288 matrem
749 3239 851 3287 mam
867 3204 1008 3304 scribit,
1030 3212 1094 3285 sed
1112 3204 1323 3286 ‘Alexander
1340 3234 1437 3306 maa-

311 3358 377 3407 aas
411 3331 563 3408 Macedo
587 3326 660 3408 eta'
703 3360 776 3433 qua
815 3334 995 3432 scriptura
1034 3330 1106 3404 iam
1144 3330 1247 3405 locus
1287 3324 1437 3404 Minucii

308 3478 339 3526 c.
365 3456 424 3544 21,
450 3456 471 3526 3
500 3456 550 3552 (p.
572 3457 631 3544 29,
659 3456 722 3552 18)
758 3452 988 3552 glossematis
1025 3450 1229 3550 suspicione
1261 3449 1436 3523 liberatur

269 3662 275 3669 ι
308 3582 346 3646 et
372 3571 422 3646 ibi
449 3598 593 3671 quoque
627 3572 734 3647 lectio
770 3573 970 3647 Aleaaader
1006 3571 1062 3645 aa
1098 3596 1248 3667 maanus
1284 3568 1433 3643 Macedo

308 3694 513 3768 reducenda
536 3704 599 3767 est.

360 3816 443 3915 Gap.
471 3818 528 3907 19,
554 3818 574 3888 9
603 3815 691 3888 haec
716 3814 888 3913 leguntur
914 3812 952 3886 in
981 3813 1120 3887 codice:
1147 3811 1346 3886 Aristoteles
1366 3835 1430 3882 aa·

305 3937 378 4011 rc'at
400 3948 432 4011 et
453 3935 618 4032 adstanat
653 3947 770 4010 tamea
803 3960 912 4014 auam
932 3944 1160 4032 potestatem:
1186 3958 1272 4006 nam
1293 3928 1430 4006 interula

306 4069 471 4147 meatem,
515 4057 685 4130 mandam
713 4055 854 4129 satereia
885 4056 987 4128 deum
1009 4052 1111 4143 alca,
1138 4052 1280 4127 caterina
1300 4048 1428 4125 maado

305 4178 408 4251 deam
422 4174 598 4275 prraeflez‘t.
625 4173 850 4248 Ara'stoles
873 4174 954 4273 [pro
977 4173 1176 4248 Aristoteles
1204 4198 1250 4245 an
1272 4198 1338 4272 pro
1360 4164 1427 4241 He·

303 4296 500 4395 racla'desl]
528 4296 743 4394 ponticas
780 4294 934 4368 uariat
973 4294 1089 4368 allas
1127 4296 1284 4371 manao
1318 4287 1427 4366 allas
