3050 4984
273 370 335 435 102
675 364 818 418 Firmici
841 364 987 418 Materni

272 526 305 589 et
319 523 435 588 formae
455 521 543 586 uobis
564 522 691 587 deorum
706 520 844 584 traditae
858 519 924 584 siat
935 521 967 585 et
977 519 1111 585 nomina.
1136 518 1189 583 sed
1204 521 1278 585 haee
1293 518 1399 583 omnia
1465 585 1469 593 ,

272 628 388 693 ueritas
403 628 521 691 deterit
535 630 563 690 et
577 626 660 689 rata
674 644 773 689 sonae
787 625 900 689 mentis
915 624 1049 703 inuenit,
1066 625 1102 689 ut
1115 623 1314 707 inuestigatis
1328 641 1397 686 om-

271 730 363 793 nibus
379 732 470 809 etque
484 727 606 792 detectis
622 747 698 809 quae
714 725 881 810 saerilegus
896 745 978 792 error
999 727 1199 792 absconderat
1221 726 1339 791 ueritas
1359 725 1397 787 ia

271 833 340 897 uita
354 831 478 895 luceret.
502 831 576 895 haee
590 831 672 895 enim
687 830 790 895 omnia
805 849 876 894 eum
890 830 991 894 essent
1005 830 1087 894 male
1102 829 1273 913 composito
1287 828 1397 894 terrori

270 934 407 1019 primum
429 934 514 999 fuere
537 934 734 1013 mortalibus,
764 934 873 998 dehine
894 934 1074 1015 consumpta
1095 934 1233 999 namtate
1253 933 1341 1015 quasi
1362 951 1398 996 er
1420 954 1435 992 a

269 1038 362 1121 longa
377 1036 569 1123 aegritudine
591 1037 873 1102 eonualesoentibus
892 1037 1069 1103 hominibus
1087 1038 1180 1102 natus
1201 1037 1248 1101 est
1269 1034 1397 1117 quidam

270 1159 306 1205 ex
321 1140 524 1205 admiratione
539 1141 740 1223 contemptus.
765 1140 809 1205 sio
829 1139 983 1223 paulatim
1006 1140 1087 1222 quod
1108 1139 1252 1222 stupebat
1274 1139 1398 1203 animus

271 1262 363 1308 ausus
379 1244 426 1308 est
441 1242 605 1326 diligenter
620 1243 772 1325 inquirere
787 1245 819 1307 et
834 1243 943 1308 statim
963 1243 995 1307 in
1010 1260 1119 1306 aroana
1132 1241 1276 1306 fictarum
1290 1259 1326 1305 ao
1341 1258 1397 1303 ua-

269 1365 380 1411 nanim
402 1346 657 1428 superstitionum
678 1364 772 1429 sagax
798 1346 886 1411 misit
910 1345 1079 1429 ingenium.
1102 1345 1177 1409 tuno
1202 1362 1238 1408 ex
1264 1342 1398 1407 assiduis

269 1448 453 1514 tractatibus
469 1448 634 1514 latentium
648 1448 767 1516 ratione
782 1448 910 1513 oolleota
925 1448 1065 1530 peruenit
1079 1448 1119 1513 ad
1134 1466 1251 1525 eausas,
1275 1448 1312 1511 ut
1326 1463 1397 1528 pro·
1416 1472 1445 1510 ιο

270 1550 412 1617 ianarmn
427 1551 613 1635 religionum
634 1550 808 1616 miseranda
828 1552 1001 1616 eommenta
1020 1550 1191 1615 humanum
1213 1567 1310 1633 genus
1332 1550 1398 1632 pri·

270 1675 358 1719 mum
372 1654 517 1732 disceret,
533 1653 642 1719 deinde
658 1654 882 1733 contemneret,
906 1654 999 1719 tertio
1014 1655 1178 1719 recusaret.

221 1754 259 1817 le
311 1757 402 1822 Libet
417 1775 498 1822 nuno
513 1757 673 1839 explanare
688 1757 801 1839 quibus
826 1776 858 1821 se
877 1757 975 1842 signis
996 1757 1047 1821 uel
1068 1756 1179 1838 quibus
1199 1756 1349 1839 symbolis
1364 1754 1398 1818 in

268 1860 345 1945 ipsis
361 1859 629 1941 superst'tionibus
650 1860 826 1925 miseranda
846 1860 1006 1926 hominum
1026 1860 1119 1924 turba
1139 1859 1310 1942 cognoseat.
1340 1858 1397 1923 ha·

268 1963 344 2027 bont
359 1962 441 2027 enim
455 1963 578 2045 propria
593 1963 696 2047 signa,
720 1964 844 2046 propria
858 1981 1015 2045 responsa,
1046 1982 1124 2045 quae
1139 1963 1204 2028 illis
1218 1964 1251 2027 in
1266 1962 1398 2026 istorum
1408 1985 1437 2025 rs

270 2065 502 2149 sacrilegiorum
528 2066 664 2130 eoetibus
691 2065 807 2130 diaboli
833 2066 965 2131 tradidit
990 2066 1162 2149 disciplina.
1200 2066 1233 2130 in
1263 2065 1398 2147 quodam

269 2168 401 2249 templo,
425 2168 509 2232 utin
523 2168 720 2233 interioribus
745 2168 887 2251 partibus
909 2170 1000 2234 homo
1021 2169 1204 2233 introiturus
1224 2168 1323 2250 possit
1342 2168 1398 2231 ad-

269 2271 373 2349 mitti,
389 2271 482 2335 dioit:
498 2262 553 2336 ‘de
575 2273 758 2354 tympano
781 2272 1027 2350 manducaui,
1051 2272 1093 2336 de
1116 2272 1293 2355 cymbalo
1315 2270 1398 2335 bibi

270 2374 306 2439 et
332 2374 549 2458 religionis
578 2376 731 2439 secreta
758 2362 990 2458 perdidiei’,
1021 2374 1102 2456 quod
1128 2393 1235 2459 graeoo
1260 2391 1399 2439 sermone

269 2477 401 2542 dieitur:
425 2474 460 2541 ἐκ
480 2468 649 2560 τυμπάνου
670 2476 834 2566 βέβρωκα,
857 2476 893 2543 ἐκ
918 2471 1082 2561 κυμβάλου
1107 2474 1263 2555 πέπωκο,
1286 2474 1439 2561 γέγοναυο

240 2598 257 2653 2
268 2572 391 2666 μύστης
408 2569 558 2657 Mereor.
583 2581 680 2659 male,
704 2583 925 2661 miserhomo,
949 2583 987 2646 de
1002 2581 1135 2645 admisso
1150 2580 1284 2646 facinore
1305 2580 1399 2645 eonfi-

268 2683 359 2747 teris:
375 2681 557 2765 pestiferum
572 2682 682 2747 ueneni
699 2685 784 2749 uirus
798 2684 931 2749 hausisti
947 2684 979 2749 et
992 2682 1104 2748 nefarii
1119 2683 1232 2748 furoris
1246 2682 1400 2749 instinctu

156 2810 204 2851 ru.
213 2808 259 2853 ra,
269 2785 363 2850 letale
382 2787 386 2868 l
405 2786 551 2867 poeulum
565 2786 720 2851 lambisti:
745 2787 848 2851 eibum
869 2786 967 2850 istum
981 2805 1064 2851 mors
1079 2787 1218 2869 sequitur
1232 2804 1352 2867 semper
1367 2785 1400 2849 et

269 2906 380 2968 poena,
404 2888 461 2951 hoo
482 2890 562 2969 quod
582 2888 696 2953 bibisse
716 2890 748 2953 te
772 2889 930 2972 praeditas
950 2890 1081 2955 uitalem
1096 2910 1208 2955 uenam
1223 2889 1350 2972 stringit
1364 2888 1399 2951 in

269 2990 401 3055 mortem
427 2992 458 3055 et
483 2990 569 3055 sedes
596 2992 716 3057 animae
742 2993 931 3057 contaminat
952 2993 1156 3059 etmalorum
1171 2994 1400 3059 continuatione
1409 3022 1437 3061 a

269 3092 439 3156 conturbat.
464 3092 544 3157 alius
565 3095 612 3159 est
634 3094 738 3173 sibus,
762 3095 815 3176 qui
836 3096 970 3160 salutem
984 3096 1118 3181 largitur
1133 3098 1165 3161 et
1180 3097 1294 3174 uitam,
1317 3096 1400 3160 alius

269 3195 426 3274 astatus,
443 3196 496 3277 qui
511 3196 668 3264 hominem
682 3199 747 3263 Deo
764 3216 884 3263 summo
896 3200 928 3263 et
939 3200 1134 3264 sommendat
1146 3201 1177 3264 et
1189 3198 1301 3277 reddit,
1317 3199 1401 3264 alius

269 3300 316 3363 est
331 3298 432 3377 eibuS,
452 3300 506 3381 qui
520 3300 699 3384 languentes
714 3301 849 3379 releuat,
865 3302 1000 3366 errantes
1015 3302 1153 3380 reuocat,
1174 3301 1276 3385 lapsos
1292 3302 1399 3385 erigit,

269 3402 323 3482 qui
338 3402 541 3466 morientibus
556 3403 697 3467 aeternae
713 3403 947 3468 inmortalitatis
967 3404 1100 3488 largitur
1114 3404 1257 3488 insignia.
1281 3403 1399 3469 Christi

269 3523 399 3587 panem,
415 3502 531 3569 Christi
546 3506 691 3586 poculum
705 3525 830 3587 quaere,
852 3508 888 3570 ut
902 3507 1022 3572 terrena
1037 3506 1208 3591 fragilitate
1223 3508 1398 3590 contempta
1407 3534 1434 3573 ao

323 3724 339 3781 1
352 3724 489 3795 nobisPa,
501 3727 694 3781 emWoweras
710 3729 722 3796 ΙΙ
739 3727 848 3782 litterae
859 3744 934 3781 orum
945 3728 1062 3782 traditae
1072 3728 1128 3782 sint
1136 3730 1397 3793 iaPeauaaeraat,

268 3809 376 3865 deorum
389 3827 467 3866 omo
531 3811 707 3868 3ueritasin
723 3813 784 3866 uita
796 3815 936 3868 Bursian:
956 3814 1081 3868 ueritatis
1093 3814 1220 3867 semitae
1272 3813 1401 3882 8inqni-

268 3896 340 3949 reret
350 3897 377 3949 P
387 3900 399 3964 ΙΙ
410 3895 460 3950 hae
472 3914 600 3951 uenarum
610 3899 638 3952 P
682 3899 719 3956 15
733 3914 800 3967 quae
809 3901 850 3953 P:
863 3899 927 3967 quid
939 3917 957 3953 ο
968 3902 980 3968 ll
992 3900 1021 3952 in
1032 3900 1095 3953 istis
1107 3918 1126 3953 ο
1173 3900 1209 3956 16
1222 3900 1326 3954 oetibus
1336 3902 1365 3953 P

271 3982 308 4037 17
327 3981 487 4038 introiturus
500 3986 641 4039 Bursian:
655 3984 802 4039 moriturus
815 3987 872 4051 Pa,
885 3988 1007 4040 oraturus
1019 3987 1127 4041 Lotect
1138 3988 1272 4056 Aglaopt.
1287 3988 1364 4055 I,24

270 4068 309 4123 20
327 4074 512 4123 υΓΕΓωΝΑ
525 4071 559 4138 P,
572 4072 636 4137 fort.
648 4074 695 4122 καὶ
706 4074 810 4140 γέγονα
857 4071 894 4128 21
907 4068 1132 4142 μύστηςἍττεως
1144 4074 1171 4126 P
1177 4093 1185 4125 .·
1198 4070 1332 4143 μυστικάς
1344 4089 1365 4126 a

269 4153 308 4209 22
327 4154 425 4207 arsisti
438 4156 465 4209 P
508 4156 898 4223 231ambisPo,em.0ebler
942 4157 981 4213 24
999 4160 1232 4225 poenaaeternaa
1280 4160 1317 4217 25
1336 4174 1400 4212 con-

271 4239 403 4292 taminata
427 4240 556 4295 malorum
578 4244 606 4295 te
628 4242 828 4296 eonthiuatione
844 4260 863 4296 u
943 4241 981 4299 27
1000 4242 1047 4296 deo
1069 4259 1170 4297 summo
1193 4245 1220 4297 P
1243 4248 1321 4311 (terte
1337 4246 1395 4297 Lo-

267 4324 388 4391 reuzz'o):
409 4342 509 4381 summe
521 4327 569 4380 deo
581 4344 611 4392 υ,
631 4342 731 4382 summo
744 4326 793 4381 deo
810 4327 906 4383 Oebler
