3050 4984
327 342 369 407 92
749 337 897 406 Sulpicii
915 337 1030 390 Seueri

326 494 408 559 circa
434 512 539 576 regem
576 495 678 570 eraut,
701 494 788 557 metu
814 493 958 575 trepidis,
986 493 1172 575 imperatore
1198 493 1301 570 anxio,
1334 490 1472 573 primus

326 596 450 661 nuntiat
471 596 575 660 hostes
603 595 718 680 fugere.
748 615 821 660 cum
842 595 896 659 ille
922 595 1057 660 indicem
1083 597 1186 678 ipsum
1208 595 1378 661 intromitti
1400 612 1471 676 po-

327 701 440 776 sceret,
463 699 577 763 Valens
597 700 634 762 ut
653 699 859 763 reuerentiam
880 699 928 763 sui
954 699 1093 776 adderet,
1118 699 1262 782 angelum
1284 698 1343 763 sibi
1358 696 1470 761 fuisse

297 813 313 866 1
326 802 471 866 nuntium
485 802 651 883 rospondit.
675 800 778 866 facilis
793 802 832 865 ad
847 802 1033 866 credendum
1047 802 1216 884 imperator
1230 800 1335 883 palam
1345 801 1469 882 postea.

325 905 425 968 dicere
440 904 564 981 6611166,
588 923 621 968 66
635 903 776 968 Valentis
792 903 928 981 meritis,
951 922 1011 967 666
1031 905 1148 968 uirtute
1163 905 1314 968 exercitus
1329 903 1461 967 uicisse.
1500 923 1509 961 ε

274 1004 314 1068 39
367 1007 417 1072 Ab
432 1007 490 1071 hoc
504 1007 593 1071 initio
612 1006 711 1071 illecti
732 1006 880 1089 principis
903 1006 1038 1071 extulere
1061 1008 1179 1071 animos
1200 1006 1341 1083 Arriani,
1364 1008 1462 1087 poto-

324 1112 406 1175 etate
427 1109 509 1192 regis
530 1109 633 1185 usuri,
656 1109 710 1173 ubi
733 1109 918 1174 auctoritate
941 1128 996 1173 sua
1018 1129 1128 1191 pamm
1151 1109 1332 1174 6616166661.
1355 1108 1463 1191 igitur

324 1232 395 1277 cum
411 1211 596 1275 senteutiam
611 1230 732 1288 eorum,
748 1230 842 1292 quarn
858 1212 895 1275 de
910 1212 1082 1277 Athanasio
1097 1212 1259 1289 dederant,
1281 1211 1378 1276 nostri
1392 1229 1464 1275 non

323 1315 508 1396 reciperent,
532 1314 669 1378 edictum
684 1314 722 1378 ab
737 1314 923 1395 imperatore
938 1315 1132 1396 proponitur,
1155 1317 1192 1378 61
1207 1315 1260 1395 qui
1275 1314 1307 1379 iu
1323 1313 1461 1377 damna-

294 1418 440 1481 61166666
454 1416 620 1481 Athanasii
634 1436 695 1481 non
709 1416 950 1494 subscriberent,
967 1418 999 1479 16
1014 1417 1141 1481 exilium
1155 1417 1351 1499 pellerentur.
1369 1418 1461 1481 cete-
1477 1442 1509 1481 ιο

322 1540 392 1584 rum
407 1540 426 1584 a
439 1521 553 1585 nostris
567 1521 637 1583 tum
652 1520 734 1601 apud
749 1519 910 1584 Arelatem
930 1538 965 1583 ac
976 1520 1128 1597 Bitteras,
1145 1520 1257 1602 oppida
1268 1518 1461 1596 Galliarum,

322 1625 534 1705 episcoporum
548 1622 677 1686 concilia
702 1621 795 1687 fuero.
823 1622 1000 1704 petebatur,
1026 1624 1062 1687 ut
1076 1622 1463 1705 priusquaminAthena-

321 1727 404 1790 sium
418 1724 609 1790 subscribere
624 1726 819 1807 cogerentur,
843 1725 880 1790 de
895 1724 955 1789 fide
969 1726 1073 1807 potius
1088 1726 1311 1807 disceptarent,
1333 1744 1368 1789 ac
1381 1726 1463 1788 turn

322 1828 448 1891 demum
473 1828 511 1891 de
536 1846 569 1891 re
594 1828 852 1910 cognoscendum,
876 1847 946 1891 cum
967 1829 1005 1892 (16
1030 1847 1158 1910 6666666
1178 1828 1317 1892 iudicum
1338 1828 1462 1892 consti-

293 1931 421 1996 3tisset.
451 1931 504 1994 sed
529 1929 643 1993 Valens
669 1930 803 2011 sociique
829 1931 894 1994 eius
920 1930 1005 2012 prius
1032 1929 1196 1995 Athanasii
1223 1930 1461 1994 damnationem
1475 1958 1502 1997 rs

322 2036 500 2114 extorquere
522 2032 700 2114 cupiebant,
725 2034 762 2097 de
784 2032 844 2097 fide
866 2035 983 2097 certare
1004 2052 1064 2097 666
1087 2034 1162 2097 ausi.
1188 2034 1226 2097 ab
1241 2033 1298 2097 hoc
1313 2033 1459 2115 partium

322 2135 465 2201 conflictu
491 2135 596 2219 agitur
621 2136 654 2199 16
679 2135 807 2199 exilium
832 2135 991 2200 Pauhnus.
1022 2137 1140 2201 interea
1154 2136 1364 2200 Mediolanum
1378 2155 1457 2199 oon-

321 2239 458 2316 uenitur,
482 2238 535 2302 ubi
561 2239 631 2301 tum
656 2239 764 2303 aderat
789 2239 972 2321 imperator:
998 2239 1104 2303 eadem
1124 2239 1181 2303 1116
1196 2240 1350 2303 contentio
1370 2238 1458 2302 nihil

292 2342 455 2407 4inuicem
483 2341 650 2405 relaxabat.
674 2343 743 2405 tum
772 2342 921 2406 Eusebius
948 2342 1189 2406 vercellensium
1220 2344 1251 2406 et
1279 2341 1402 2406 Lucifer
1432 2362 1456 2406 6

321 2444 423 2509 Carali
448 2443 607 2508 Sardiniae
634 2444 768 2526 episcopi
794 2444 933 2527 relegati.
958 2446 1094 2508 ceterum
1119 2444 1301 2527 Dionysius,
1330 2444 1453 2509 Medio·
1467 2474 1495 2513 2⁰

321 2547 494 2611 lanensium
506 2545 660 2621 sacerdos,
676 2547 708 2609 in
719 2545 885 2609 Athanasii
900 2547 1128 2611 damnationem
1144 2566 1175 2611 66
1191 2547 1360 2611 6666661166
1374 2547 1453 2611 sub-

322 2649 461 2730 scripsit,
485 2648 652 2712 dummodo
672 2647 710 2710 de
730 2647 790 2710 fide
810 2648 891 2711 inter
917 2648 1072 2729 episcopos
1088 2652 1292 2730 quaereretur.
1317 2650 1369 2714 sed
1383 2649 1455 2715 Va-

322 2750 388 2815 lens
413 2752 445 2815 et
471 2750 614 2813 Vrsatius
641 2750 793 2830 ceterique
820 2751 906 2814 metu
927 2750 1041 2832 plebis,
1065 2770 1142 2832 queo
1158 2753 1341 2818 catholicam
1355 2752 1454 2817 fidem

323 2852 446 2935 egregio
461 2851 564 2915 studio
579 2852 794 2929 conseruabat,
817 2871 877 2916 666
895 2854 961 2917 6661
976 2854 1098 2935 6166616
1113 2855 1250 2936 profiteri
1264 2856 1454 2937 161666616-

293 2956 403 3020 511666
413 2956 646 3037 congregantur.
662 2954 749 3018 iliiuc
764 2955 927 3037 epistolam
940 2956 996 3020 sub
1010 2956 1210 3038 imperatoris
1222 2959 1344 3023 nomine
1356 2959 1454 3024 emit·
1468 2978 1491 3018 a

322 3060 408 3135 tunt,
432 3058 515 3122 omni
530 3058 686 3140 prauitate
700 3057 864 3136 iniectam,
888 3077 922 3123 eo
936 3059 1085 3123 nimirum
1100 3060 1241 3138 oonsilio,
1265 3063 1315 3138 ut,
1339 3062 1365 3125 si
1380 3080 1455 3126 eam

322 3162 427 3243 aequis
443 3161 568 3225 auribus
583 3161 715 3243 populus
729 3161 908 3243 recepisset,
925 3162 1048 3243 publica
1063 3164 1248 3228 auctoritate
1262 3165 1367 3247 cupita
1378 3184 1454 3246 pro-

322 3263 452 3328 ferrent:
475 3264 524 3328 sin
538 3263 630 3328 aliter
643 3263 754 3329 fuisset
770 3265 910 3346 excepta,
934 3266 1032 3329 omnis
1047 3265 1165 3330 inuidia
1180 3269 1260 3331 esset
1274 3267 1307 3331 16
1321 3286 1401 3350 rege,
1419 3272 1454 3333 61

322 3368 390 3449 1666
404 3366 549 3445 66616116,
573 3366 645 3447 quia
660 3367 756 3432 etiam
777 3368 846 3431 tum
872 3368 1108 3433 catechumenus
1125 3371 1357 3434 'sacramentum
1377 3369 1453 3435 fidei

294 3470 434 3535 emerito
449 3469 606 3533 uideretur
619 3470 755 3552 potuisse
770 3470 895 3535 nescire.
920 3471 1019 3554 igitur
1032 3470 1114 3535 lecta
1129 3472 1161 3535 in
1176 3472 1304 3537 66616616
1319 3473 1453 3555 66161616
1466 3504 1488 3543 eo

321 3572 452 3656 populus
479 3574 647 3637 auersatus.
683 3572 864 3655 Dionysius,
894 3574 1051 3654 quianon
1077 3577 1157 3639 66661
1185 3594 1340 3652 66666666,
1374 3576 1453 3642 urbe

375 3790 516 3845 lanroP
583 3790 802 3847 5estsolitusb
873 3792 908 3846 11
928 3793 987 3844 tum
1005 3793 1033 3845 b:
1053 3795 1151 3847 cumP
1173 3796 1185 3861 Η
1207 3795 1321 3848 11116666
1337 3796 1372 3848 P:
1394 3794 1453 3850 Β6-

321 3878 393 3929 tcras
412 3876 440 3938 1,
459 3875 579 3928 Biterras
593 3876 735 3945 Sipoaies,
754 3882 788 3929 ((1
807 3876 940 3931 Hilarius
960 3894 1064 3947 666666
1085 3881 1166 3933 eicere
1237 3881 1273 3937 13
1292 3898 1321 3934 66
1334 3883 1390 3934 tum
1408 3883 1451 3937 P:

321 3978 369 4015 nec
389 3965 448 4014 tum
469 3962 500 4027 1,·
528 3963 562 4028 cf.
584 3961 805 4016 dePratoadb.
820 3963 836 4014 l.
915 3962 1451 4024 141611666616Ρ(616;161161666Ρὸ

374 4049 414 4105 20
431 4049 535 4105 Caralis
548 4048 575 4100 P
585 4053 611 4100 et
623 4046 698 4113 edd,
716 4046 842 4100 61166611
854 4064 866 4100 6
879 4064 913 4101 ea
924 4052 1048 4117 sequenti
1064 4067 1129 4105 acce
1146 4054 1157 4119 ΙΙ
1175 4052 1304 4121 episcopie
1317 4054 1355 4115 P,
1382 4055 1449 4120 fort.

319 4151 373 4201 pro
400 4136 515 4203 episcopi
537 4135 604 4186 i:
622 4135 685 4185 6661
765 4132 948 4188 confectam
969 4136 1007 4188 P:
1034 4136 1193 4190 refertamb
1223 4140 1234 4205 ΙΙ
1264 4142 1294 4191 ei
1315 4140 1353 4191 P:
1381 4155 1411 4191 66
1434 4143 1450 4194 1

375 4220 412 4274 27
431 4220 564 4287 proferent
577 4220 605 4272 P
655 4218 693 4273 28
706 4221 734 4271 et
745 4218 816 4287 ipsa]
828 4219 892 4284 fort.
906 4219 959 4287 ipsi
1006 4221 1043 4277 29
1056 4223 1234 4275 catecuminus
1248 4224 1275 4276 P
1326 4222 1449 4281 3016616

323 4332 357 4341 -
367 4308 506 4358 auersatus
519 4306 558 4359 P:
577 4306 674 4357 lectam
687 4304 716 4356 in
727 4304 847 4357 Ecclesia
860 4304 1000 4373 epistolam
1012 4308 1124 4376 populus
1137 4311 1276 4361 auersetur
1289 4310 1304 4362 1
