3050 4984
313 355 355 420 64
732 348 877 416 Sulpicii
895 346 1012 401 Seueri

311 507 404 592 pauci
418 509 511 590 atque
525 507 631 589 inopes
644 524 755 588 parum
769 503 978 587 proficiebant,
990 503 1084 567 donec
1095 502 1259 567 centesimo
1272 500 1336 567 fere
1350 518 1439 580 anno,

312 608 477 675 Artaxerse
487 628 559 694 rege
569 609 673 674 Persis
684 608 898 690 imperitante,
914 625 969 689 per
979 624 1044 685 eos,
1061 606 1114 688 qui
1126 604 1201 669 locis
1212 605 1383 687 praeerant,
1399 604 1439 669 ab

284 712 499 778 reedificando
520 711 677 777 deterriti:
700 710 815 775 etenim
836 712 905 775 tum
926 708 1016 792 Syria
1029 710 1123 791 atque
1138 708 1237 773 omnis
1251 708 1366 773 Iudaea
1381 708 1438 771 sub

311 815 477 881 Persarum
491 814 621 897 imario
635 833 689 897 per
703 813 906 897 magistratus
919 831 955 877 ac
969 810 1124 894 praesides
1139 812 1311 895 regebatur.
1339 810 1439 894 igitur

310 918 360 982 his
374 917 536 983 eonsilium
557 916 621 981 fuit
640 916 708 1000 regi
727 915 888 981 Artaxersi
911 914 1058 993 scribere,
1080 930 1140 979 non
1162 915 1300 997 oportere
1314 913 1439 979 Iudaeis
1464 938 1477 977 e

311 1021 518 1086 restituendae
539 1019 625 1083 urhis
647 1038 719 1084 suae
740 1018 862 1101 copiam
882 1017 964 1095 dari,
988 1036 1026 1081 ne
1045 1035 1100 1099 pro
1121 1016 1297 1082 contumaci
1315 1016 1438 1101 ingenio

310 1123 476 1206 resumptis
490 1121 625 1201 uiribus,
647 1122 719 1187 aliis
732 1121 876 1205 gentibus
891 1120 1042 1203 imperare
1057 1120 1157 1197 soliti,
1178 1137 1239 1185 non
1259 1121 1440 1202 paterentur

282 1227 367 1292 asub
383 1226 482 1292 alieno
496 1225 626 1308 imperio
641 1225 759 1308 degere.
787 1225 833 1289 ita
848 1225 1043 1306 comprobato
1058 1243 1077 1287 a
1090 1241 1162 1307 rege
1176 1223 1352 1306 praesidum
1367 1241 1439 1287 oon·

310 1329 381 1393 silio
402 1328 559 1412 prohibita
580 1328 666 1391 urbis
688 1326 860 1392 aedificatio
886 1342 981 1408 usque
1003 1326 1036 1391 in
1057 1326 1224 1391 secundum
1244 1326 1335 1391 Darii
1356 1324 1440 1408 regis

311 1452 426 1497 annum
448 1431 547 1496 dilata
568 1433 624 1495 est.
648 1432 702 1495 sed
722 1430 781 1493 hoc
801 1431 906 1495 tractu
927 1432 1118 1512 temporum,
1146 1429 1201 1511 qui
1226 1446 1313 1512 reges
1334 1428 1476 1492 Porsiere

310 1534 545 1617 imposuerint,
566 1534 750 1608 inseremus,
772 1549 831 1614 quo
846 1531 968 1597 facilius
984 1550 1132 1597 annorum
1146 1531 1238 1596 series
1253 1531 1287 1595 in
1300 1531 1440 1596 ordinem

281 1638 452 1705 roontexta
465 1637 622 1719 prodatur.
639 1637 709 1719 post
716 1634 848 1699 Darium
856 1635 993 1711 Medum,
1009 1654 1100 1716 quem
1115 1634 1330 1717 duodeuiginti
1345 1652 1440 1715 annos

310 1757 453 1822 regnasse
467 1738 720 1821 significauimus‚
730 1735 828 1820 Cyrus
840 1754 899 1801 uno
915 1739 946 1801 et
961 1737 1092 1820 triginta
1107 1737 1305 1801 annisrerum
1319 1736 1440 1819 potitus

310 1843 366 1905 est.
383 1840 506 1923 Scythis
521 1840 638 1905 bellum
652 1839 785 1904 inferens
800 1839 833 1903 in
846 1840 962 1923 proelio
974 1840 1095 1917 cecidit,
1112 1840 1242 1904 seeundo
1258 1857 1336 1905 anno
1349 1842 1439 1921 post-

282 1962 404 2024 5quam
420 1942 605 2025 Tarquinius
620 1941 776 2024 Superbus
789 1942 905 2007 Romae
926 1960 1053 2025 regnare
1075 1944 1223 2024 coeperat.
1247 1941 1325 2025 Cyro
1346 1940 1474 2007 Cam-a

309 2045 400 2127 byses
420 2045 503 2109 filius
527 2045 593 2109 eius
622 2046 784 2110 successit:
800 2045 942 2129 regnauit
957 2062 1050 2109 annos
1065 2064 1153 2110 vr111.
1180 2044 1231 2109 hic
1246 2064 1317 2110 oum
1331 2045 1439 2128 Aegy-

308 2149 400 2230 ptum
415 2150 508 2230 atque
521 2147 721 2229 Aethiopiam
736 2148 816 2213 bello
831 2150 982 2231 premeret
997 2150 1028 2212 et
1043 2147 1214 2231 subegisset
1233 2148 1392 2229 uictorque
1406 2148 1441 2213 in

310 2249 421 2315 Persas
441 2252 660 2328 reueheretur,
683 2269 755 2315 casu
777 2269 808 2315 se
822 2251 887 2333 ipse
902 2251 1079 2315 uulnerauit
1096 2270 1132 2317 er
1147 2269 1240 2332 eoque
1255 2251 1320 2315 ictu
1333 2251 1438 2332 periit.

282 2354 482 2437 emeterius
492 2355 625 2417 mortem
636 2354 721 2437 magi
732 2355 793 2418 duo
803 2354 925 2431 fratres,
938 2354 1060 2418 natione
1071 2353 1165 2430 Medi,
1177 2372 1296 2418 menses
1307 2354 1441 2418 vrrPer-

309 2472 414 2521 sarum
428 2475 558 2540 regnum
578 2457 786 2539 optinuerrmt.
814 2457 854 2521 ad
868 2456 923 2519 hos
937 2456 1294 2537 interficiendosseptem
1308 2456 1474 2521 nobilis-ro

311 2559 384 2623 simi
391 2559 503 2624 Persae
513 2558 759 2635 coniurauerunt‚
776 2576 906 2639 quorum
919 2558 1059 2640 princeps
1074 2558 1136 2622 fuit
1150 2559 1264 2623 Darius
1270 2559 1439 2642 Hystaspis

310 2661 404 2738 filius,
420 2662 512 2726 natus
526 2680 563 2724 er
577 2660 673 2724 fratre
688 2660 827 2744 patruele
842 2660 923 2742 Cyri,
936 2660 1133 2742 omniumque
1148 2679 1294 2727 consensu
1308 2681 1439 2745 regnum

284 2762 341 2832 sei
362 2762 516 2827 dolatum:
539 2762 682 2845 regnauit
704 2780 798 2826 annos
820 2781 857 2827 vr
878 2764 910 2827 et
929 2781 1013 2827 xxx.
1036 2764 1088 2827 hio
1109 2767 1180 2829 ante
1202 2764 1439 2846 quadriennium

311 2882 405 2945 quam
420 2863 588 2941 decederet,
604 2865 686 2945 apud
700 2865 916 2930 Marathonem
930 2866 1091 2949 pugnauit,
1108 2867 1303 2931 celeberrimo
1313 2866 1438 2932 Graecis

309 2966 516 3048 Romanisque
535 2966 673 3030 historiis
694 2968 817 3050 proeiio.
841 2968 874 3033 id
895 2970 1018 3052 gestum
1039 2972 1109 3051 post
1129 2970 1260 3034 Romam
1280 2969 1472 3034 conditamrs

309 3086 387 3134 anno
402 3068 467 3133 fere
480 3068 688 3133 ducentesimo
702 3071 734 3133 et
748 3071 952 3153 sexagesimo,
974 3071 1127 3135 Macerino
1143 3074 1174 3136 et
1188 3072 1349 3156 Augurino
1365 3090 1438 3137 con-

310 3172 438 3249 sulibus,
454 3172 565 3237 abhinc
578 3190 681 3250 annos,
694 3173 720 3236 si
735 3176 841 3239 tamen
851 3173 1051 3255 inuestigatio
1058 3175 1265 3240 Romanorum
1277 3175 1438 3240 consulum

309 3293 371 3339 non
385 3274 507 3352 fefellit,
522 3292 611 3339 neoc
624 3294 723 3340 uxxx
738 3278 770 3340 et
785 3294 865 3342 vm:
882 3294 970 3342 omne
985 3276 1066 3342 anim
1082 3279 1204 3360 tempus
1215 3276 1437 3342 instiliconem

282 3377 465 3442 sconsulem
479 3378 584 3442 direxi.
607 3380 678 3460 post
691 3378 823 3443 Darium
838 3380 948 3444 Xerses
963 3379 1040 3457 fuit,
1062 3379 1148 3461 isque
1162 3397 1222 3444 uno
1238 3383 1269 3445 et
1283 3399 1333 3444 xx
1348 3380 1437 3445 annis

413 3598 432 3654 2
448 3598 515 3651 Mara
534 3599 559 3655 3.
595 3598 614 3655 8
631 3600 699 3653 Mera
717 3599 743 3655 6.

361 3786 542 3841 2Artaxer1e
563 3787 593 3854 b,
621 3793 647 3839 et
666 3788 706 3841 sie
731 3803 835 3855 semper
855 3789 887 3840 ia
913 3790 961 3843 boe
982 3790 1091 3843 nomiae
1155 3789 1255 3844 3sunt
1274 3789 1435 3843 deterritib

360 3871 381 3927 4
398 3871 540 3940 regebatur
549 3873 579 3925 b:
601 3872 731 3940 agebatur
742 3874 777 3936 P,
789 3891 829 3926 aa
841 3888 875 3927 ca
887 3873 1005 3941 agebat?
1017 3876 1052 3940 cf.
1066 3874 1104 3928 od
1116 3877 1140 3943 1,
1154 3878 1200 3943 30,
1213 3880 1229 3928 1
1280 3875 1299 3930 9
1312 3878 1339 3927 et
1351 3891 1435 3942 usque

308 3958 427 4011 malebat
440 3957 574 4011 dePrcto
639 3958 676 4015 12
694 3959 857 4011 contexth
920 3959 957 4016 13
975 3960 1155 4028 significamus
1174 3961 1201 4014 P
1222 3963 1234 4029 Η
1256 3966 1311 4014 nni
1329 3963 1356 4013 et
1373 3975 1435 4013 xxx

309 4043 387 4097 annis
405 4044 434 4097 P
505 4044 542 4101 15
560 4045 666 4110 ceperat
684 4043 711 4096 P
784 4042 820 4099 16
838 4045 1041 4112 regnauitqueh
1115 4044 1153 4103 18
1170 4046 1227 4114 ipse
1246 4047 1284 4100 Pr
1311 4045 1434 4113 ipsnmb

361 4129 399 4186 21
417 4128 580 4197 hystaspiP
630 4128 670 4184 24
685 4129 845 4183 Marathona
856 4130 1119 4185 mutebotchroto
1178 4132 1216 4188 26
1235 4131 1386 4187 macherino
1398 4132 1433 4194 P,

309 4227 356 4266 aaa
370 4213 505 4267 chrato
568 4212 607 4270 28
623 4219 699 4266 omne
717 4214 745 4269 P
764 4215 776 4281 ΙΙ
799 4213 958 4269 stilliconem
971 4216 998 4269 P
1065 4216 1103 4273 29
1122 4232 1224 4272 exerses
1242 4218 1281 4281 P,
1299 4218 1433 4270 Xerxesb

310 4297 525 4366 ariadeiaccpe
546 4300 559 4366 u
581 4314 663 4352 unum
674 4301 702 4352 et
713 4314 754 4351 xx
765 4300 877 4352 annosb
